1747 2796
243 153 290 190 T.
322 151 568 191 LVCRETI
599 152 734 191 CARI

243 268 333 293 nam
363 254 481 293 facies
511 256 678 293 multum
707 254 827 293 valuit
856 254 1034 305 viresque
1063 255 1256 305 vigebant.

242 319 434 370 posterius
464 333 523 358 res
552 319 747 359 inventast
775 333 994 370 aurumque
1024 328 1230 371 repertum,

242 385 351 435 quod
380 384 493 423 facile
522 391 560 423 et
589 384 728 424 validis
757 392 795 424 et
825 385 997 435 pulchris
1026 385 1198 436 dempsit
1228 387 1444 433 honorem,

241 448 430 488 divitioris
459 448 564 488 enim
594 456 741 488 sectam
771 451 1002 500 plerumque
1031 458 1247 501 sequuntur
1486 466 1568 497 1115

242 513 459 564 quamlibet
489 522 527 552 et
556 515 675 553 fortes
705 522 743 553 et
772 515 937 564 pulchro
968 528 1130 565 corpore
1159 514 1264 554 creti.

241 579 351 629 quod
380 578 501 628 siquis
531 591 620 617 vera
649 578 769 617 vitam
798 578 948 618 ratione
976 579 1178 630 gubernet,

240 643 399 682 divitiae
427 644 594 694 grandes
623 643 774 682 homini
804 651 894 681 sunt
923 643 1050 683 vivere
1080 658 1194 694 parce

241 722 369 759 aequo
398 707 532 746 animo
547 722 557 755 3
595 721 723 758 neque
754 708 858 746 enim
889 715 946 747 est
976 722 1164 759 umquam
1194 708 1357 759 penuria
1386 708 1502 759 parvi.

241 780 280 810 at
309 774 433 811 claros
463 772 644 811 homines
673 774 880 812 voluerunt
909 787 950 812 se
979 781 1097 823 atque
1127 773 1312 824 potentis,
1488 789 1571 812 1120

242 845 283 876 ut
313 838 573 877 fundamento
604 837 732 876 stabili
762 839 918 876 fortuna
947 846 1122 877 maneret

241 910 280 942 et
309 903 503 953 placidam
534 910 696 953 possent
725 903 901 953 opulenti
931 904 1072 954 degere
1101 903 1236 951 vitam,

242 968 498 1018 nequiquam,
528 967 714 1018 quoniam
746 969 796 1006 ad
827 981 1025 1006 summum
1057 969 1268 1008 succedere
1297 969 1488 1008 honorem

241 1040 434 1072 certantes
464 1032 535 1072 iter
564 1033 748 1072 infestum
779 1034 905 1072 fecere
934 1033 1020 1081 viai,

241 1106 279 1137 et
309 1106 441 1137 tamen
471 1112 492 1136 e
522 1111 693 1145 summo,
722 1098 833 1148 quasi
863 1099 1022 1146 fulmen,
1056 1098 1174 1138 deicit
1204 1098 1302 1137 ictos
1486 1114 1570 1144 1125

242 1163 389 1202 invidia
417 1163 615 1202 interdum
645 1163 903 1213 contemptim
934 1163 973 1201 in
1004 1165 1165 1202 Tartara
1195 1171 1341 1210 taetrag

242 1227 389 1266 invidia
417 1227 617 1278 quoniam,
649 1242 721 1266 ceu
751 1227 928 1276 fulmine,
957 1241 1111 1267 summa
1140 1235 1329 1278 vaporant

242 1294 474 1343 plerumque
503 1300 541 1331 et
570 1305 671 1343 quae
701 1301 792 1331 sunt
820 1292 905 1331 aliis
936 1294 1057 1343 magis
1087 1293 1193 1332 edita
1220 1306 1420 1343 cumque;

241 1366 284 1396 ut
313 1357 432 1396 satius
463 1359 587 1397 multo
617 1358 693 1396 iam
724 1358 771 1396 sit
801 1370 934 1409 parere
964 1358 1140 1409 quietum

242 1436 360 1473 quam
390 1436 521 1473 regere
551 1422 715 1473 imperio
745 1436 804 1462 res
833 1425 933 1462 velle
962 1431 999 1462 et
1029 1437 1147 1475 regna
1176 1431 1318 1462 tenere.
1487 1437 1571 1468 1130

243 1487 408 1537 proinde
438 1487 522 1526 sine
552 1487 748 1526 incassum
779 1487 922 1527 defessi
954 1487 1142 1538 sanguine
1173 1488 1327 1534 sudent,

240 1560 449 1602 angustum
480 1566 548 1603 per
577 1553 648 1591 iter
677 1554 870 1591 luctantes
900 1552 1128 1591 ambitionis
1144 1567 1154 1600 3

241 1617 567 1668 quandoquidem
599 1617 755 1668 sapiunt
784 1617 915 1656 alieno
945 1631 990 1656 ex
1020 1631 1086 1657 ore
1116 1624 1337 1667 petuntque

241 1696 300 1722 res
331 1697 376 1721 ex
405 1682 548 1722 auditis
578 1682 709 1732 potius
739 1695 858 1733 quam
889 1683 1069 1721 sensibus
1100 1682 1203 1733 ipsis,

241 1762 315 1787 nec
336 1747 458 1798 magis
479 1747 519 1787 id
540 1760 646 1786 nunc
666 1754 725 1786 est
745 1760 874 1797 neque
895 1747 965 1786 erit
987 1761 1077 1786 mox
1098 1760 1217 1798 quam
1239 1746 1311 1785 fuit
1330 1753 1432 1785 ante.
1486 1761 1569 1794 1135

289 1857 473 1892 fllonarclz
470 1869 529 1902 y
515 1868 596 1891 was
614 1857 851 1891 overthrown
869 1857 949 1890 and
962 1855 1101 1891 anarclt
1097 1867 1127 1901 y
1139 1856 1284 1897 ensuea',
1303 1855 1407 1890 until
1425 1855 1569 1900 sels-in-

240 1909 350 1939 (erest
362 1904 499 1950 taught
511 1915 599 1938 man
610 1908 647 1938 to
660 1905 816 1949 appoint
830 1903 1052 1938 authorz'szes
1063 1903 1282 1948 responszble
1289 1904 1366 1948 for
1376 1902 1436 1937 tlte
1449 1904 1570 1936 main-

241 1957 390 1987 temznce
407 1952 533 1997 oflaw
551 1952 630 1985 and
644 1952 754 1985 order
768 1950 922 1996 andfor
937 1950 998 1985 tlte
1013 1952 1134 1995 suppr
1132 1961 1270 1984 esszons
1295 1951 1338 1996 (γ’
1358 1961 1471 1984 crzme
1495 1950 1575 1983 and

239 1999 360 2034 blood
346 1999 477 2044 sends
526 1998 623 2032 And
643 2009 729 2032 now
744 1998 890 2043 evenis
906 2010 930 2031 a
956 2008 1045 2031 man
1070 2008 1155 2042 may
1179 1997 1423 2041 οσιαειοηαῖι)
1449 1998 1573 2042 escape

231 2047 489 2091 punzslcment,
507 2046 550 2079 lte
567 2049 702 2079 cannot
717 2045 835 2079 avozd
848 2044 907 2079 tlte
923 2046 1043 2089 stangs
1059 2044 1170 2089 oflzts
1187 2055 1270 2078 own
1288 2045 1500 2079 conscience.

298 2150 402 2198 Ergo
431 2147 586 2198 regibus
616 2146 755 2186 occisis
784 2147 970 2185 subversa
999 2146 1151 2185 iacebat

243 2213 405 2264 pristina
434 2212 616 2252 maiestas
646 2212 832 2252 soliorum
863 2219 901 2251 et
931 2219 1082 2262 sceptra
1111 2212 1289 2262 superba,

243 2287 281 2318 et
311 2277 448 2329 capitis
479 2277 621 2317 summi
652 2279 894 2328 praeclarum
924 2276 1075 2327 insigne
1104 2284 1310 2316 cruentum

244 2344 317 2383 sub
347 2343 516 2394 pedibus
545 2343 649 2394 vulgi
680 2356 867 2393 magnum
898 2343 1056 2392 lugebat
1086 2343 1302 2388 honorem3

244 2423 335 2448 nam
365 2408 509 2459 cupide
538 2409 792 2448 conculcatur
821 2406 936 2445 nimis
964 2414 1057 2446 ante
1086 2414 1291 2446 metutum.
1489 2421 1571 2453 1140

245 2487 304 2515 res
333 2473 465 2523 itaque
493 2473 543 2512 ad
575 2485 770 2511 summam
801 2472 951 2510 faecem
982 2472 1195 2522 turbasque
1225 2470 1388 2517 redibat,

887 2549 934 2574 20
