1747 2796
206 153 250 191 T.
284 152 531 192 LVCRETI
563 152 698 192 CARI

206 266 280 293 nec
309 253 421 293 facile
449 266 496 292 ex
524 260 634 292 aestu
664 265 737 292 nec
767 252 906 303 frigore
934 253 1043 303 quod
1073 258 1275 303 caperetur

206 332 280 358 nec
308 318 482 358 novitate
509 318 587 357 cibi
616 330 690 357 nec
719 317 797 356 labi
827 316 1000 368 corporis
1029 318 1118 356 ulla.

208 385 409 434 multaque
438 396 507 433 per
535 384 689 422 caelum
719 382 811 421 solis
841 382 1037 421 volventia
1066 383 1186 421 lustra

205 448 411 500 vulgivago
437 448 556 487 vitam
586 447 806 487 tractabant
835 459 944 486 more
974 448 1151 486 ferarum.

206 527 279 554 nec
309 514 492 553 robustus
521 520 602 552 erat
630 512 737 552 curvi
766 513 992 551 moderator
1018 512 1133 551 aratri

207 579 427 630 quisquam,
460 591 533 617 nec
563 578 688 617 scibat
717 579 817 616 ferro
847 577 1017 616 molirier
1045 590 1136 616 arva

207 657 280 684 nec
310 657 413 683 nova
441 644 628 683 defodere
657 642 697 681 in
727 650 867 682 terram
896 642 1061 692 virgulta
1089 655 1219 692 neque
1247 642 1334 681 altis

206 709 412 748 arboribus
443 716 590 748 veteres
620 707 803 748 decidere
833 707 988 746 falcibu'
1017 720 1156 746 ramos.

207 775 317 825 quod
347 775 405 812 sol
433 781 552 824 atque
582 773 727 812 imbres
756 773 961 820 dederant,
991 773 1100 822 quod
1130 779 1230 811 terra
1256 780 1403 811 crearat

207 846 348 890 sponte
377 852 457 885 sua,
489 838 582 878 satis
612 837 652 877 id
681 838 863 888 placabat
891 844 1051 888 pectora
1079 838 1241 876 donum.

208 903 442 955 glandiferas
472 903 571 943 inter
600 903 791 942 curabant
820 915 984 954 corpora
1013 914 1180 952 quercus

208 971 441 1020 plerumque
455 983 465 1018 3
503 976 542 1007 et
570 981 672 1019 quae
701 981 808 1007 nunc
837 967 1003 1006 hiberno
1033 975 1210 1018 tempore
1238 967 1364 1007 cernis

208 1035 347 1073 arbuta
375 1033 545 1085 puniceo
575 1033 657 1072 fieri
686 1040 838 1072 matura
866 1034 1008 1080 colore,

209 1098 376 1149 plurima
405 1106 489 1137 tum
518 1099 633 1137 tellus
663 1098 781 1137 etiam
811 1098 958 1137 maiora
987 1098 1146 1137 ferebat.

210 1166 413 1214 multaque
441 1170 641 1214 praeterea
670 1163 822 1202 novitas
851 1170 935 1202 turn
964 1162 1103 1202 florida
1132 1162 1270 1202 mundi

210 1229 356 1279 pabula
384 1230 481 1267 dura
510 1228 611 1276 tulit,
640 1227 789 1267 miseris
819 1227 1049 1266 mortalibus
1077 1228 1218 1278 ampla.

209 1302 248 1333 at
278 1295 414 1333 sedare
444 1293 547 1331 sitim
577 1292 683 1332 fluvii
713 1295 921 1343 fontesque
950 1293 1154 1340 vocabant,

211 1366 253 1397 ut
283 1372 389 1398 nunc
418 1358 621 1398 montibus
652 1371 673 1397 e
703 1357 853 1408 magnis
883 1359 1071 1397 decursus
1101 1359 1216 1407 aquai

212 1425 327 1463 claru'
357 1423 449 1462 citat
478 1425 554 1462 late
584 1423 754 1462 sitientia
783 1424 909 1462 saecla
938 1423 1118 1461 ferarum.

211 1488 383 1539 denique
412 1496 504 1528 nota
535 1488 620 1538 vagi
650 1487 839 1526 silvestria
867 1488 1013 1538 templa
1043 1487 1229 1526 tenebant

212 1555 488 1604 nympharum,
517 1553 661 1603 quibus
691 1566 712 1591 e
742 1552 895 1591 scibant
925 1552 1062 1591 umori'
1093 1553 1237 1591 fluenta

213 1618 362 1657 lubrica
390 1617 566 1669 proluvie
596 1619 700 1668 larga
729 1618 856 1656 lavere
885 1616 1019 1656 umida
1050 1629 1154 1663 saxa,

214 1683 349 1722 umida
378 1696 482 1731 saxa,
511 1695 627 1733 super
655 1681 767 1721 viridi
797 1681 980 1720 stillantia
1011 1694 1159 1728 musco,

213 1756 251 1788 et
280 1748 420 1799 partim
451 1749 569 1798 plano
598 1754 746 1787 scatere
775 1754 893 1797 atque
923 1760 1126 1797 erumpere
1155 1759 1309 1796 campO.

214 1815 385 1853 necdum
416 1826 475 1852 res
504 1813 583 1862 igni
613 1813 766 1851 scibant
794 1818 958 1851 tractare
987 1824 1117 1862 neque
1146 1811 1200 1850 uti

214 1878 382 1929 pellibus
411 1885 449 1917 et
478 1877 612 1928 spoliis
641 1889 783 1927 corpus
812 1876 952 1916 vestire
980 1877 1161 1925 ferarum,

215 1944 286 1982 sed
316 1956 477 1982 nemora
506 1950 625 1993 atque
654 1954 770 1981 cavos
801 1941 946 1980 montis
975 1941 1170 1991 silvasque
1199 1942 1381 1980 colebant

215 2015 254 2047 et
284 2007 440 2047 frutices
470 2007 569 2046 inter
597 2006 824 2046 condebant
853 2006 1033 2057 squalida
1063 2006 1238 2045 membra

216 2074 377 2113 verbera
404 2079 612 2112 ventorum
641 2073 760 2111 vitare
790 2071 1005 2121 imbrisque
1034 2070 1171 2110 coacti.

216 2152 289 2178 nec
319 2151 531 2177 commune
561 2137 711 2176 bonum
741 2143 921 2187 poterant
950 2143 1126 2187 spectare
1155 2148 1285 2186 neque
1313 2135 1401 2174 ullis

217 2203 392 2242 moribus
422 2202 521 2241 inter
550 2215 591 2241 se
620 2201 773 2240 scibant
802 2214 876 2240 nec
905 2200 1056 2251 legibus
1086 2199 1154 2239 uti.

217 2269 326 2319 quod
355 2268 498 2318 cuique
528 2267 723 2306 obtulerat
752 2267 921 2317 praedae
950 2267 1116 2312 fortuna,
1148 2265 1296 2304 ferebat

217 2340 358 2383 sponte
387 2345 457 2371 sua
486 2331 560 2371 sibi
589 2331 757 2382 quisque
786 2331 912 2370 valere
942 2338 980 2369 et
1009 2330 1137 2369 vivere
1166 2331 1319 2369 doctus.

216 2406 255 2436 et
284 2399 420 2436 Venus
450 2396 489 2435 in
518 2396 623 2435 silvis
653 2396 838 2447 iungebat
867 2408 1030 2446 corpora
1058 2402 1289 2443 amantum;

218 2462 453 2501 conciliabat
482 2461 588 2501 enim
617 2462 677 2501 vel
707 2468 844 2500 mutua
872 2472 1072 2511 quamque
1101 2459 1248 2510 cupido

861 2540 906 2574 14

1469 331 1536 364 930

1471 657 1535 691 935

1474 984 1539 1016 940

1474 1308 1539 1340 945

1478 1632 1542 1665 950

1478 1957 1542 1990 955

1478 2272 1544 2313 960
