1747 2796
892 129 966 167 DE
997 129 1199 167 RERVM
1233 128 1464 167 NATVRA
1493 128 1530 164 V

200 239 408 284 propterea
436 233 532 283 quid
563 231 611 271 sit
640 231 746 283 prius
776 239 908 271 actum
939 231 1130 283 respicere
1158 238 1265 271 aetas

203 305 335 338 nostra
363 297 510 349 nequit,
543 296 615 336 nisi
645 310 724 348 qua
753 297 850 337 ratio
879 296 1042 348 vestigia
1071 304 1273 336 monstrat.

246 398 346 433 Man
364 398 407 442 by
428 407 470 444 gt
473 397 599 432 adual
621 399 831 443 exmfieneme
855 397 924 432 llas
948 398 1057 432 evolv
1059 398 1107 432 ed
1118 408 1275 431 varzous
1293 396 1419 442 useful
1439 408 1486 430 ar
1485 400 1530 438 ts,

199 446 280 479 and
292 446 392 479 later
407 456 519 490 many
536 445 648 479 kinds
666 445 709 490 qf
729 445 883 489 luxury,
902 445 1165 488 mazntai‘mmr
1190 456 1213 477 a
1240 444 1367 488 sleady
1384 444 1423 488 zs
1439 444 1532 477 εἴσω

193 495 370 538 progress
381 496 417 528 to
417 492 505 538 full
519 492 782 538 developmenl‚
800 492 1026 537 andfimzlly
1048 493 1229 537 reachzng
1252 491 1312 525 tlte
1325 491 1531 536 perfectiora

199 540 244 585 qf
252 539 312 574 tlte
321 542 475 584 present
490 540 588 574 teme.

255 629 420 681 Navigia
449 638 567 681 atque
596 629 676 681 agri
705 631 875 669 culturas
907 629 1064 669 moenia
1093 630 1197 680 leges

201 709 309 735 arma
337 695 417 734 vias
447 695 564 735 vestis
594 703 632 734 et
661 703 790 735 cetera
819 696 869 735 de
898 709 1040 746 genere
1070 696 1221 741 horum,

202 761 386 812 praemia,
417 761 578 801 delicias
608 775 768 812 quoque
798 760 900 800 vitae
930 761 1106 800 funditus
1138 760 1277 806 omnis,
1448 775 1533 807 1450

202 826 375 865 carmina
404 826 585 877 picturas,
618 834 656 865 et
685 827 852 866 daedala
881 826 992 876 signa
1020 825 1154 876 polire,

201 905 294 930 usus
324 899 362 930 et
391 891 580 942 impigrae
610 891 725 931 simul
756 890 995 942 experientia
1025 891 1167 930 mentis

200 956 387 1007 paulatim
417 955 553 995 docuit
582 956 867 1007 pedetemptim
897 955 1193 1007 progredientis.

200 1021 255 1060 sic
285 1021 603 1072 unumquicquid
634 1021 820 1072 paulatim
851 1022 1041 1072 protrahit
1070 1028 1176 1060 aetas

202 1086 241 1125 in
272 1087 448 1126 medium
479 1086 656 1137 ratioque
686 1086 724 1125 in
756 1086 914 1125 luminis
944 1085 1054 1136 erigit
1084 1099 1180 1125 oraS.
1452 1101 1531 1133 1455

202 1165 373 1202 namque
402 1151 482 1191 alid
511 1166 557 1191 ex
586 1151 663 1191 alio
692 1153 904 1191 clarescere
934 1151 1055 1191 cordi'
1085 1150 1272 1190 videbant

201 1217 360 1265 artibus,
392 1218 443 1256 ad
473 1231 671 1256 summum
702 1218 831 1257 donec
860 1231 1002 1256 venere
1030 1230 1233 1256 cacumen.
