1747 2796
188 158 232 194 ⁷1¹.
268 156 513 195 LVCRETI
545 155 678 194 CARI

187 271 288 309 quos
317 257 385 296 ubi
414 264 591 308 tempore
621 262 774 294 maturo
803 257 1038 306 patefecerat
1067 262 1173 293 aetas

188 323 382 362 infantum
413 321 564 373 fugiens
595 334 773 360 umorem
803 334 995 371 aurasque
1025 327 1241 371 petessens,
1455 326 1518 356 810

189 388 444 427 convertebat
473 386 528 425 ibi
557 394 696 424 natura
724 385 916 424 foramina
946 393 1069 424 terrae

189 460 227 491 et
256 465 394 490 sucum
424 450 533 489 venis
563 450 729 501 cogebat
758 450 921 488 fundere
950 449 1093 499 apertis

189 517 435 557 consimilem
464 516 586 563 lactis,
617 515 718 554 sicut
746 528 852 554 nunc
882 515 1028 554 femina
1056 528 1236 565 quaeque

190 595 280 621 curn
311 581 472 633 peperit,
504 580 611 620 dulci
641 581 811 631 repletur
839 581 949 627 lacte,
982 581 1091 630 quod
1120 579 1248 618 omnis

190 647 359 698 impetus
390 647 429 685 in
460 659 652 684 mammas
682 644 920 684 convertitur
950 645 1014 683 ille
1042 644 1229 683 alimenti.
1456 649 1517 689 815

190 720 289 752 terra
318 711 451 751 cibum
481 710 622 762 pueris,
654 719 803 749 vestem
832 723 963 761 vapor,
995 710 1116 748 herba
1146 708 1275 748 cubile

190 777 403 828 praebebat
434 777 556 814 multa
586 783 624 814 et
653 775 762 814 molli
791 774 975 825 lanugine
1004 775 1224 813 abundans.

189 850 228 880 at
258 841 409 880 novitas
439 840 578 880 mundi
608 854 680 879 nec
710 840 851 890 frigora
879 841 976 879 dura
1005 839 1134 878 ciebat

190 920 264 946 nec
294 906 436 944 nimios
465 913 596 944 aestus
626 919 699 944 nec
730 904 880 955 magnis
910 904 1055 943 viribus
1084 917 1208 942 auras.

192 971 324 1011 onmia
353 971 458 1010 enim
489 970 630 1021 pariter
660 977 840 1009 crescunt
870 978 908 1008 et
937 971 1078 1009 robora
1107 976 1277 1008 sumunt.
1456 974 1521 1004 820

238 1052 392 1087 M‘otlzer
414 1051 521 1086 earth
546 1051 614 1086 llas
639 1062 724 1085 now
749 1052 790 1084 ln
815 1051 883 1085 lter
906 1051 971 1085 old
993 1061 1062 1096 age
1087 1049 1213 1084 ceased
1238 1049 1403 1093 bearing.
1451 1047 1525 1082 All

192 1100 320 1145 things
331 1099 539 1145 gradually
556 1099 696 1143 change
713 1097 794 1132 and
805 1098 927 1142 decay,
946 1109 1035 1132 even
1053 1108 1092 1131 so
1110 1099 1142 1131 it
1156 1097 1190 1130 is
1207 1095 1300 1130 with
1317 1095 1435 1130 earth.

247 1175 379 1222 Quare
411 1172 527 1212 etiam
557 1180 676 1222 atque
705 1171 823 1210 etiam
854 1179 1074 1209 maternum
1104 1184 1251 1210 nomen
1280 1171 1424 1220 adepta

193 1249 291 1278 terra
321 1246 427 1278 tenet
458 1237 607 1284 merito,
640 1236 828 1287 quoniam
858 1250 981 1286 genus
1011 1236 1095 1286 ipsa
1124 1235 1267 1274 creavit

193 1307 411 1343 humanum
440 1311 559 1353 atque
587 1302 733 1340 animal
762 1314 884 1352 prope
914 1309 1020 1339 certo
1050 1308 1227 1351 tempore
1256 1299 1356 1339 fudit

193 1383 311 1408 omne
340 1370 449 1419 quod
478 1368 517 1406 in
548 1366 698 1417 magnis
728 1366 942 1405 bacchatur
971 1365 1163 1404 montibu'
1193 1365 1350 1416 passim,

192 1435 394 1484 aeriasque
424 1433 540 1472 simul
569 1431 737 1471 volucris
766 1430 995 1469 variantibu'
1026 1430 1170 1469 formis.
1457 1435 1521 1475 825

194 1501 263 1539 sed
293 1498 386 1549 quia
415 1500 534 1536 finem
563 1497 734 1547 aliquam
765 1495 942 1546 pariendi
971 1496 1090 1534 debet
1119 1495 1275 1541 habere,

194 1563 354 1610 destitit,
387 1571 429 1601 ut
459 1562 598 1601 mulier
627 1561 753 1611 spatio
783 1561 937 1599 defessa
965 1567 1130 1599 vetusto.

195 1637 320 1668 mutat
349 1628 454 1667 enim
486 1626 623 1665 mundi
653 1634 832 1665 naturam
862 1625 981 1664 totius
1010 1633 1116 1663 aetas

195 1706 242 1731 ex
270 1691 427 1741 alioque
455 1689 553 1728 alius
583 1696 705 1727 status
736 1686 912 1738 excipere
942 1687 1075 1726 omnia
1105 1687 1237 1734 debet,

196 1770 268 1795 nec
299 1763 430 1794 manet
461 1756 539 1793 ulla
568 1754 627 1792 sui
657 1752 792 1791 similis
822 1766 904 1791 res:
944 1752 1077 1791 omnia
1108 1751 1284 1802 migrant,
1462 1756 1526 1795 850

196 1821 330 1861 omnia
359 1826 577 1859 commutat
605 1825 743 1857 natura
773 1826 811 1856 et
839 1825 986 1857 vertere
1011 1817 1133 1867 cogit:

196 1900 368 1937 namque
396 1885 504 1924 aliud
532 1883 721 1935 putrescit
749 1891 787 1922 et
816 1897 914 1922 aevo
943 1882 1074 1922 debile
1102 1883 1272 1932 languet,

197 1965 312 2003 porro
341 1951 448 1990 aliud
477 1948 686 1989 succrescit
715 1955 754 1987 et
783 1962 804 1987 e
833 1947 1127 1999 contemptibus
1156 1946 1245 1986 exit.

198 2017 253 2055 sic
282 2016 396 2067 igitur
426 2015 563 2053 mundi
592 2021 771 2052 naturam
801 2013 920 2052 totius
949 2021 1055 2051 aetas

199 2089 324 2120 mutat
345 2088 382 2119 et
411 2094 458 2119 ex
485 2079 562 2118 alio
592 2086 732 2117 terram
762 2086 884 2116 status
915 2077 1058 2128 excipit
1084 2078 1192 2123 alter,
1461 2081 1524 2120 835

198 2148 308 2198 quod
337 2145 424 2184 tulit
453 2152 495 2183 ut
523 2151 705 2194 nequeat,
736 2142 859 2192 possit
888 2143 997 2192 quod
1027 2155 1107 2180 non
1137 2140 1224 2179 tulit
1252 2146 1353 2177 ante.

252 2232 326 2268 Τίτε
342 2231 448 2267 earth
466 2235 509 2265 at
517 2230 613 2276 first
621 2230 814 2275 produced
827 2240 940 2274 many
956 2231 1136 2262 monsters
1152 2228 1232 2261 and
1248 2225 1527 2267 monstrosilies,

199 2281 264 2315 but
278 2278 517 2325 fortunately
542 2282 677 2312 nature
702 2277 770 2311 did
791 2280 856 2310 not
880 2276 994 2311 allow
1019 2276 1115 2309 these
1138 2277 1176 2309 to
1195 2275 1407 2319 propagate
1430 2270 1532 2305 tlzez'r

199 2328 302 2371 kind,
320 2327 400 2361 and
413 2338 452 2360 so
469 2326 552 2369 tlzey
563 2324 771 2370 gradually
787 2324 874 2358 died
888 2327 953 2357 out
969 2324 1099 2368 again.

256 2406 464 2456 Multaque
494 2412 576 2442 tum
607 2404 720 2442 tellus
750 2401 867 2441 etiam
898 2408 1078 2452 portenta
1105 2412 1235 2438 creare

203 2477 380 2509 conatast
411 2469 506 2507 mira
536 2468 633 2506 facie
664 2466 930 2517 membrisque
959 2473 1103 2512 coorta,

848 2545 892 2569 10
