1747 2796
878 161 951 197 DE
984 161 1185 197 RERVM
1217 160 1451 197 NATVRA
1480 160 1516 195 V

186 264 469 313 androgynum,
498 262 783 312 interutrasque
813 275 886 301 ηερ
914 270 1056 310 utrum,
1086 263 1283 313 utrimque
1308 270 1515 309 remotum,

187 328 283 367 orba
310 328 458 378 pedum
487 325 638 378 partim,
672 340 859 366 manuum
890 327 1050 366 viduata
1078 327 1260 374 vicissim,
1454 335 1518 375 840

188 400 295 431 muta
323 392 408 432 sine
436 405 502 431 ore
531 392 665 440 etiam,
692 392 776 431 sine
805 394 914 431 vultu
944 405 1061 431 caeca
1090 400 1252 443 reperta,

186 457 395 508 vinctaque
435 457 701 496 membrorum
732 471 800 508 per
828 464 956 496 totum
986 471 1128 508 corpus
1156 459 1343 505 adhaesu,

187 537 260 563 ηερ
289 524 415 562 facere
444 530 486 562 ut
515 530 677 573 possent
706 522 919 573 quicquam
949 536 1023 562 ηερ
1052 524 1192 562 cedere
1221 536 1424 574 quoquam

186 602 260 627 nec
299 587 418 627 vitare
458 589 604 626 malum
645 601 718 626 nec
748 601 902 627 sumere
931 589 1040 638 quod
1069 589 1168 627 foret
1197 602 1301 627 usus.

187 661 316 692 cetera
344 654 394 692 de
422 666 565 704 genere
594 654 669 691 hoc
700 660 874 692 monstra
901 666 947 691 ac
977 660 1158 703 portenta
1187 653 1355 700 creabat,
1454 662 1516 700 845

187 717 440 769 nequiquam,
472 718 660 768 quoniam
689 725 828 756 natura
855 717 1062 757 absterruit
1090 726 1250 757 auctum

187 796 261 822 nec
299 790 461 834 potuere
499 782 676 833 cupitum
705 782 842 822 aetatis
872 791 1030 833 tangere
1060 784 1196 822 florem

187 861 261 887 nec
290 848 456 898 reperire
485 847 619 887 cibum
650 862 723 887 nec
752 848 858 898 iungi
889 861 956 898 per
985 848 1151 887 Veneris
1182 862 1253 887 res.

188 914 311 951 multa
338 912 518 953 videmus
548 912 653 952 enim
684 914 800 952 rebus
829 926 1062 952 concurrere
1091 913 1246 960 debere,

187 985 229 1017 ut
258 979 514 1029 propagando
544 979 695 1030 possint
724 979 943 1029 procudere
971 979 1109 1017 saecla.
1457 985 1521 1024 850

234 1086 414 1121 Animals
436 1085 558 1121 which
583 1086 654 1120 did
673 1090 737 1120 not
754 1089 899 1132 possess
923 1097 1020 1120 some
1041 1086 1284 1130 pre-eminent
1308 1085 1454 1131 quali&
1481 1096 1523 1118 or

188 1134 350 1168 natural
363 1134 578 1179 advantage
593 1144 681 1168 soon
699 1133 839 1168 became
862 1134 1002 1168 exlz'nct
1023 1133 1104 1167 and
1111 1133 1190 1177 fell
1209 1145 1233 1167 cz
1249 1136 1345 1179 prey
1361 1137 1398 1167 to
1423 1132 1522 1166 tlzose

187 1180 271 1215 tlzat
306 1192 403 1215 were
438 1185 612 1226 slronger
647 1181 726 1215 and
763 1180 877 1215 better
902 1181 1022 1225 fitted
1044 1180 1116 1224 for
1153 1180 1213 1215 tlte
1252 1180 1421 1226 struggle
1448 1180 1522 1224 for

186 1229 374 1263 existence.
429 1228 561 1262 Others
586 1239 663 1262 owe
689 1228 789 1262 their
812 1229 1074 1273 preservation
1105 1231 1141 1261 lo
1180 1228 1280 1262 their
1307 1228 1520 1262 domeslz'ca-

188 1276 267 1309 tion
282 1276 323 1320 by
342 1286 440 1310 man.

244 1378 452 1427 Multaque
480 1384 563 1415 tum
586 1376 775 1415 interiisse
795 1376 1042 1415 animantum
1066 1378 1193 1416 saecla
1219 1384 1417 1416 necessest
1457 1384 1521 1424 855

188 1455 261 1480 nec
290 1441 465 1493 potuisse
494 1442 749 1492 propagando
779 1442 995 1491 procudere
1024 1443 1186 1492 prolem.

190 1520 281 1545 narn
310 1519 588 1557 quaecumque
616 1506 726 1545 vides
755 1506 859 1545 vesci
888 1506 1071 1545 vitalibus
1100 1506 1213 1554 auris,

188 1580 255 1611 aut
284 1573 399 1612 dolus
428 1579 496 1610 aut
525 1571 645 1610 virtus
673 1578 740 1610 aut
770 1571 943 1622 denique
973 1571 1171 1610 mobilitas
1200 1579 1259 1611 est

189 1650 236 1677 ex
265 1637 426 1676 ineunte
455 1650 552 1676 aevo
581 1650 704 1687 genus
734 1638 774 1676 id
804 1644 926 1675 tutata
956 1650 1166 1676 reservans.

190 1704 392 1753 multaque
421 1709 522 1749 sunt,
554 1701 669 1741 nobis
699 1715 745 1740 ex
774 1701 941 1741 utilitate
970 1715 1039 1740 sua
1068 1715 1170 1753 quae
1461 1710 1524 1740 860

190 1768 469 1807 commendata
499 1774 670 1815 manent,
703 1768 848 1806 tutelae
878 1767 1018 1806 tradita
1048 1774 1215 1806 nostrae.

189 1833 383 1884 principio
412 1846 534 1883 genus
564 1846 652 1871 acre
681 1819 842 1872 leonum
872 1845 1066 1883 saevaque
1095 1834 1223 1872 saecla

190 1905 351 1937 tutatast
380 1899 511 1945 virtus,
542 1899 668 1947 vulpis
698 1898 813 1936 dolus
843 1905 880 1936 et
909 1899 999 1948 fuga
1028 1911 1173 1937 cervos.

191 1971 230 2002 at
258 1965 476 2003 levisomna
505 1976 648 2001 canum
679 1963 760 2002 fido
789 1976 880 2001 cum
910 1971 1069 2013 pectore
1097 1964 1218 2002 corda

191 2036 230 2067 et
257 2042 382 2079 genus
411 2041 530 2067 omne
560 2028 669 2078 quod
698 2035 756 2066 est
785 2027 959 2067 veterino
989 2027 1140 2067 semine
1169 2035 1322 2078 partum
1459 2034 1523 2074 865

191 2093 466 2144 lanigeraeque
495 2093 611 2131 simul
641 2094 814 2143 pecudes
843 2101 882 2132 et
910 2094 1055 2132 bucera
1075 2095 1203 2132 saecla

193 2158 327 2198 omnia
355 2165 447 2197 sunt
475 2157 682 2197 hominum
711 2159 857 2197 tutelae
885 2159 1037 2206 tradita,
1070 2158 1248 2197 Memmi.

193 2236 285 2262 nam
315 2223 459 2274 cupide
486 2223 619 2273 fugere
647 2223 746 2262 feras
774 2235 994 2274 pacemque
1024 2231 1158 2262 secuta

193 2296 284 2328 sunt
313 2295 351 2327 et
379 2289 484 2339 larga
512 2301 584 2326 suo
613 2287 697 2327 sine
726 2288 871 2339 pabula
899 2296 1008 2338 parta
1036 2289 1180 2335 labore,

194 2367 296 2404 quae
324 2354 466 2393 damus
495 2353 671 2392 utilitatis
701 2366 836 2392 eorum
866 2352 1038 2403 praemia
1067 2366 1195 2391 causa.
1460 2360 1525 2399 870

194 2426 234 2458 at
262 2417 349 2468 quis
378 2419 432 2457 nil
462 2419 602 2457 horum
631 2418 765 2457 tribuit
793 2425 941 2465 natura,
973 2431 1047 2456 nec
1076 2419 1160 2467 ipsa

195 2490 336 2534 sponte
365 2496 434 2522 sua
464 2490 624 2534 possent
653 2490 695 2522 ut
724 2483 852 2522 vivere
881 2495 954 2522 nec
983 2483 1076 2522 dare
1105 2481 1220 2522 nobis

839 2561 879 2585 11
