1747 2796
202 108 247 144 T.
283 106 526 145 LVCRETI
558 106 693 145 CARI

204 223 323 260 quam
353 222 438 248 reor
467 209 614 248 invidia
643 209 709 246 tali
738 215 833 246 tunc
863 220 948 246 esse
977 213 1181 257 repertam,

204 282 246 313 ut
275 276 396 314 letum
427 273 577 313 insidiis
608 273 675 324 qui
704 272 823 324 gessit
852 273 999 323 primus
1028 271 1166 318 obiret,
1447 284 1532 318 1420

203 345 242 378 et
272 346 402 377 tamen
434 338 533 378 inter
562 351 630 378 eos
659 337 885 377 distractam
918 337 1108 387 sanguine
1138 336 1262 375 multo

203 402 427 455 disperiisse
456 416 586 454 neque
615 404 654 442 in
685 404 853 442 fructum
883 409 1111 441 convertere
1140 401 1281 452 quisse.

204 476 297 507 tunc
327 469 442 519 igitur
470 470 602 519 pelles,
634 481 741 507 nunc
769 481 907 506 aurum
937 475 975 506 et
1004 480 1175 517 purpura
1209 466 1310 505 curis

204 541 385 573 exercent
415 534 621 573 hominum
652 534 770 572 vitam
802 533 986 582 belloque
1012 532 1199 581 fatigant3

204 611 285 648 quo
314 598 436 648 magis
467 597 506 636 in
536 598 663 645 nobis,
695 606 736 636 ut
766 598 918 648 opinor,
949 597 1065 646 culpa
1093 595 1247 635 resedit.
1447 609 1529 642 ¹4²5

204 663 321 714 frigus
351 663 456 702 enim
487 665 615 702 nudos
645 662 729 702 sine
759 662 926 713 pellibus
956 660 1205 700 excruciabat

205 730 437 779 terrigena53
475 736 515 767 at
544 741 616 767 nos
646 727 699 766 nil
730 727 850 767 laedit
879 733 985 766 veste
1014 738 1145 764 carere

204 808 399 846 purpurea
426 800 546 844 atque
574 806 669 832 auro
699 792 898 844 signisque
927 791 1151 842 ingentibus
1180 798 1282 841 apta,

204 861 300 900 durn
331 859 485 910 plebeia
515 866 647 898 tamen
679 858 727 897 sit
757 871 858 909 quae
888 858 1100 896 defendere
1130 855 1265 906 possit.

204 939 296 976 ergo
325 924 531 964 hominum
561 937 684 974 genus
714 924 910 962 incassum
941 923 1159 972 frustraque
1188 921 1339 959 laborat
1451 935 1534 968 1430

204 997 425 1041 semperret
454 989 493 1027 in
523 990 624 1028 curis
654 989 851 1028 consumit
881 987 1065 1026 inanibus
1094 1000 1246 1033 aevum,

205 1056 388 1096 nimirum
419 1056 512 1106 quia
540 1068 620 1093 non
651 1053 835 1105 cognovit
864 1066 965 1104 quae
994 1052 1043 1091 sit
1072 1051 1245 1091 habendi

206 1121 292 1160 finis
322 1128 359 1160 et
389 1119 553 1159 omnino
583 1120 715 1170 quoad
745 1126 893 1158 crescat
922 1131 1011 1157 vera
1040 1119 1231 1168 voluptas.

205 1186 325 1236 idque
356 1185 578 1224 minutatim
608 1184 727 1222 vitam
758 1183 933 1234 provexit
962 1183 1001 1221 in
1031 1184 1153 1221 altum

205 1258 243 1290 et
274 1250 364 1290 belli
396 1263 558 1300 magnos
589 1248 803 1288 commovit
833 1247 1010 1287 funditus
1038 1255 1179 1286 aestus.
1454 1262 1532 1294 1455

254 1358 465 1403 Gradually
482 1369 562 1393 men
580 1359 735 1392 learned
747 1362 783 1392 to
800 1357 1001 1402 anlz‘cz'pale
1018 1357 1077 1391 tlte
1093 1367 1240 1391 seasons
1257 1357 1299 1402 of
1311 1356 1370 1391 tlte
1379 1367 1476 1401 year
1492 1356 1534 1400 by

205 1407 399 1451 watchzbzg
413 1406 473 1440 tlte
490 1406 648 1440 metiens
665 1405 708 1450 of
720 1405 779 1439 tlte
796 1416 866 1439 sun
884 1405 965 1438 and
977 1415 1094 1439 moon.

259 1505 312 1541 At
342 1502 475 1552 vigiles
506 1501 643 1540 mundi
675 1514 860 1551 magnum
890 1499 1068 1539 versatile
1099 1501 1290 1551 templum

207 1569 263 1607 sol
294 1575 331 1607 et
361 1569 453 1605 luna
483 1579 554 1605 suo
584 1568 792 1605 lustrantes
821 1565 970 1604 lumine
999 1565 1145 1604 circum

206 1633 446 1684 perdocuere
475 1632 656 1670 homines
685 1643 879 1669 annorum
910 1637 1087 1680 tempora
1116 1630 1211 1669 verti

206 1706 244 1737 et
273 1705 379 1737 certa
408 1696 557 1736 ratione
586 1695 666 1747 geri
696 1709 776 1734 rem
806 1703 925 1745 atque
955 1695 1093 1734 ordine
1123 1702 1239 1734 certo.

252 1808 344 1842 Men
355 1806 563 1853 gradually
581 1806 736 1841 learned
757 1806 817 1840 tlte
842 1805 954 1840 value
971 1806 1013 1850 (ff
1033 1805 1151 1840 socz‘al
1172 1805 1239 1850 lg'fe
1256 1806 1296 1839 in
1322 1808 1440 1839 towns
1459 1805 1539 1838 and

205 1855 315 1890 lattds
327 1866 424 1889 were
441 1853 598 1888 allotted
602 1857 639 1887 lo
650 1853 899 1888 individuals.
949 1853 980 1887 S
980 1853 1114 1887 z‘mz'lar
1127 1852 1325 1897 iaefiuences
1341 1851 1539 1897 developed

205 1903 266 1937 tlte
276 1901 431 1948 growtlz
455 1901 499 1946 of
519 1901 677 1935 alliance
692 1900 849 1935 between
875 1901 989 1934 citz'es.
1047 1899 1121 1934 lee
1145 1900 1338 1934 z'nventive
1348 1902 1481 1944 power
1499 1899 1543 1944 qs

206 1960 294 1983 man
328 1960 413 1983 now
445 1948 598 1983 devised
634 1947 737 1993 ships
777 1947 858 1981 and
894 1948 1127 1992 naszgatlon,
1163 1946 1223 1982 tlte
1255 1946 1427 1992 alphabel
1458 1947 1540 1981 and

206 1997 412 2031 literature.

264 2094 348 2131 Iam
379 2091 516 2130 validis
546 2091 669 2141 saepti
700 2091 897 2141 degebant
927 2091 1095 2130 turribus
1124 2104 1265 2130 aevum
1452 2107 1535 2140 1440

208 2166 247 2197 et
275 2156 401 2197 divisa
430 2157 632 2195 colebatur
661 2157 908 2206 discretaque
937 2158 1063 2203 tellus,

209 2222 286 2261 iarn
317 2235 422 2260 mare
451 2220 626 2260 velivolis
656 2221 819 2260 florebat
848 2221 1046 2272 puppibus
1061 2236 1072 2269 3
1109 2222 1225 2260 urbes

209 2286 351 2326 auxilia
378 2300 425 2325 ac
454 2287 582 2325 socios
612 2287 689 2325 iam
719 2294 835 2337 pacto
865 2287 1022 2325 foedere
1053 2287 1262 2333 habebant,

209 2351 448 2391 carminibus
478 2365 568 2390 cum
599 2365 658 2390 res
686 2358 814 2401 gestas
844 2365 1009 2402 coepere
1039 2358 1178 2402 poetae

211 2418 385 2466 tradere3
424 2430 496 2456 nec
527 2418 651 2456 multo
681 2416 777 2467 priu’
807 2424 897 2456 sunt
926 2418 1121 2457 elementa
1150 2424 1309 2467 reperta.
1454 2432 1535 2465 1445

848 2496 897 2532 30
