1747 2796
898 126 973 164 DE
1003 126 1206 164 RERVM
1237 125 1470 164 NATVRA
1500 126 1536 162 V

208 235 247 266 et
276 227 442 278 zephyri,
473 241 568 266 cava
596 240 664 277 per
693 229 944 274 calamorum,
977 227 1090 266 sibila
1120 227 1288 278 primum

207 293 367 342 agrestis
396 293 567 331 docuere
596 306 709 331 cavas
740 293 875 331 inflare
904 292 1064 331 cicutas.

208 357 300 396 inde
331 357 552 396 minutatim
582 358 708 396 dulcis
738 359 911 397 didicere
940 359 1129 408 querelas,

210 421 304 460 tibia
333 435 429 472 quas
460 423 588 461 fundit
617 422 747 473 digitis
777 424 931 473 pulsata
959 430 1184 469 canentum,
1454 429 1536 470 1385

209 486 295 525 avia
324 501 392 537 per
421 501 582 526 nemora
610 501 656 527 ac
686 488 800 526 silvas
831 489 1031 538 saltusque
1060 495 1241 538 repertaS‚

209 566 277 602 per
306 553 392 590 loca
420 560 621 602 pastorum
652 553 806 591 deserta
835 560 953 602 atque
983 554 1063 591 otia
1092 554 1168 592 dia.

210 617 307 656 haec
335 617 488 656 animos
518 617 604 656 ollis
636 617 862 656 mulcebant
891 625 1009 668 atque
1040 618 1226 659 iuvabant
1454 633 1538 666 1390

209 695 299 720 cum
330 683 466 721 satiate
497 682 599 730 cibi3
637 696 727 721 nam
757 690 839 721 tum
872 690 962 721 sunt
991 684 1126 721 omnia
1154 683 1275 721 cordi.

209 760 326 797 saepe
356 747 488 797 itaque
517 747 617 786 inter
646 761 687 786 se
717 747 896 798 prostrati
926 747 966 785 in
995 748 1169 797 gramine
1200 748 1306 785 molli

210 818 368 862 propter
396 825 521 863 aquae
551 812 674 851 rivum
705 812 778 851 sub
809 814 924 850 ramis
953 812 1102 851 arboris
1131 813 1232 851 altae

211 890 290 916 non
322 879 472 927 magnis
501 878 644 928 opibus
673 878 845 917 iucunde
874 891 1039 928 corpora
1067 878 1280 925 habebant,

209 942 435 993 praesertim
467 956 557 981 cum
588 950 799 994 tempestas
829 942 982 982 ridebat
1011 950 1049 981 et
1077 942 1170 981 anni
1458 957 1538 990 1395

210 1014 388 1057 tempora
417 1007 631 1058 pingebant
661 1007 862 1046 viridantis
893 1008 1054 1046 floribus
1083 1007 1235 1047 herbas.

211 1081 293 1111 turn
324 1073 420 1120 ioca,
453 1080 535 1112 tum
566 1086 706 1120 sermo,
736 1080 818 1111 turn
849 1073 984 1112 dulces
1015 1085 1099 1111 esse
1129 1074 1310 1112 cachinni

209 1146 456 1178 consuerant.
514 1137 674 1189 agrestis
704 1138 809 1176 enim
840 1145 923 1176 tum
955 1151 1065 1176 musa
1094 1139 1249 1188 vigebat
1265 1153 1274 1185 ,·

210 1211 294 1242 tum
324 1212 442 1255 caput
471 1211 590 1254 atque
620 1217 776 1242 umeros
806 1203 928 1253 plexis
946 1203 1140 1243 'redimire
1166 1204 1322 1242 coronis

211 1269 372 1308 floribus
401 1277 439 1308 et
468 1269 570 1307 foliis
600 1268 760 1307 lascivia
788 1269 889 1308 laeta
919 1269 1118 1316 monebat,
1455 1284 1538 1317 1400

209 1341 329 1385 atque
358 1342 463 1373 extra
494 1347 701 1372 numerum
732 1335 945 1384 procedere
976 1334 1152 1372 membra
1182 1334 1376 1373 moventis

210 1398 356 1438 duriter
386 1406 424 1438 et
453 1399 552 1438 duro
582 1407 722 1438 terram
744 1400 845 1449 pede
876 1400 1020 1449 pellere
1050 1406 1239 1446 matrem3

210 1465 317 1503 unde
347 1464 572 1503 oriebantur
601 1464 698 1502 risus
729 1465 945 1514 dulcesque
975 1464 1168 1511 cachinni,

210 1528 344 1568 omnia
373 1531 481 1580 quod
511 1542 612 1567 nova
641 1536 725 1568 tum
757 1529 878 1579 magis
909 1530 1005 1567 haec
1036 1537 1073 1567 et
1108 1528 1204 1567 mira
1234 1529 1427 1579 vigebant.

211 1601 248 1632 et
277 1594 526 1645 vigilantibus
557 1594 648 1632 hinc
677 1595 840 1632 aderant
870 1595 1014 1633 solacia
1043 1595 1183 1641 somni,
1456 1610 1536 1641 1405

210 1660 354 1698 ducere
384 1659 628 1698 multimodis
658 1672 774 1698 voces
805 1666 842 1697 et
873 1660 1028 1697 flectere
1058 1665 1196 1697 cantus

211 1732 248 1763 et
278 1737 416 1775 supera
445 1725 617 1763 calamos
647 1736 751 1762 unco
782 1737 1004 1774 percurrere
1033 1724 1166 1772 labro3

211 1791 318 1828 unde
342 1789 465 1840 etiam
495 1789 628 1839 vigiles
659 1802 764 1827 nunc
795 1790 891 1827 haee
921 1797 1083 1840 accepta
1112 1797 1270 1828 tuentur

211 1861 249 1893 et
278 1867 486 1893 numerum
516 1867 668 1893 servare
697 1867 833 1893 recens
862 1854 1047 1902 didicere,
1079 1868 1209 1905 neque
1238 1855 1319 1894 hilo

212 1921 398 1958 maiorem
430 1919 577 1958 interea
606 1918 766 1969 capiunt
795 1919 1008 1958 dulcedini'
1038 1920 1207 1958 fructum
1457 1935 1539 1967 1410

211 1997 330 2035 quam
361 1985 534 2023 silvestre
563 1997 686 2035 genus
716 1983 896 2034 capiebat
925 1985 1215 2035 terrigenarum.

211 2063 302 2089 nam
332 2051 441 2101 quod
470 2051 582 2089 adest
610 2057 777 2100 praesto,
810 2049 882 2088 nisi
913 2050 1009 2100 quid
1039 2052 1297 2101 cognovimus
1326 2058 1417 2089 ante

211 2116 378 2163 suavius,
411 2116 450 2154 in
480 2115 614 2165 primis
644 2116 772 2165 placet
802 2122 840 2153 et
874 2116 1021 2165 pollere
1051 2116 1216 2162 videtur,

212 2181 482 2231 posteriorque
511 2181 590 2218 fere
620 2180 758 2218 melior
786 2193 845 2218 res
876 2179 940 2218 illa
969 2188 1121 2230 reperta

211 2246 338 2296 perdit
367 2253 405 2284 et
435 2247 617 2284 immutat
646 2258 783 2284 sensus
811 2246 862 2285 ad
892 2245 1054 2296 pristina
1083 2258 1276 2296 quaeque.
1457 2261 1536 2293 1415

211 2310 266 2349 sic
296 2310 432 2350 odium
462 2310 593 2361 coepit
621 2311 786 2361 glandis,
819 2311 873 2349 sic
904 2311 968 2349 illa
997 2312 1130 2349 relicta

212 2383 329 2415 strata
357 2376 503 2415 cubilia
532 2383 623 2414 sunt
652 2376 782 2414 herbis
812 2384 850 2415 et
879 2375 1085 2415 frondibus
1114 2384 1241 2414 aucta.

211 2440 323 2492 pellis
352 2440 445 2480 item
475 2441 618 2480 cecidit
647 2442 763 2480 vestis
793 2447 1022 2492 contempta
1050 2442 1219 2488 ferinae,

851 2519 897 2554 29
