1747 2796
881 149 955 186 DE
987 148 1188 187 RERVM
1221 149 1453 187 NATVRA
1483 150 1519 186 V

190 253 411 305 barbigeras
440 252 626 303 pecudes,
658 250 809 291 homini
838 264 941 303 quae
970 259 1027 291 est
1055 265 1144 292 acre
1173 265 1382 292 venenum.
1455 270 1519 300 900

191 318 418 370 (denique)
450 319 608 356 flamma
637 316 799 367 quidem
830 330 921 356 cum
951 330 1115 368 corpora
1144 319 1248 357 fulva
1277 319 1437 357 leonum

188 391 268 423 tam
298 385 421 423 soleat
450 390 594 422 torrere
622 389 741 433 atque
770 395 880 421 urere
910 395 1028 433 quam
1058 396 1182 434 genus
1211 396 1331 422 omne

188 449 344 489 visceris
374 449 413 487 in
443 447 552 487 terris
582 448 866 498 quodcumque
895 454 933 486 et
963 448 1162 498 sanguinis
1191 456 1326 496 exstet,

187 515 255 566 qui
285 514 366 553 fieri
396 513 535 565 potuit,
567 512 709 563 triplici
738 526 830 552 cum
860 525 1025 564 corpore
1054 521 1096 552 ut
1126 527 1213 560 una,

187 579 312 630 prima
341 581 416 626 leo,
445 585 643 629 postrema
672 579 803 625 draco,
835 578 965 617 media
994 578 1088 629 ipsa,
1121 579 1331 618 Chimaera
1454 596 1518 629 905

186 656 253 683 ore
283 645 384 683 foras
412 657 543 683 acrem
573 645 681 682 flaret
710 645 761 683 de
790 656 953 694 corpore
983 645 1217 684 flammam?

187 721 307 759 quare
336 709 453 748 etiam
484 710 621 748 tellure
651 722 753 747 nova
782 710 974 759 caeloque
1003 710 1148 748 recenti

185 774 277 814 talia
306 775 373 825 qui
402 774 512 826 fingit
541 774 716 826 potuisse
744 774 928 813 animalia
956 775 1072 826 gigni,

186 839 299 878 nixus
329 840 367 878 in
397 841 474 878 hoc
505 853 585 878 uno
615 839 798 879 novitatis
828 839 990 879 nomine
1019 841 1137 887 inani,

187 906 309 944 multa
338 904 428 944 licet
457 904 573 943 simili
601 904 751 944 ratione
781 905 930 944 effutiat
958 918 1036 953 ore,
1454 922 1519 955 910

185 983 302 1009 aurea
330 978 414 1009 tum
444 970 550 1010 dicat
579 983 648 1021 per
676 978 796 1009 terras
825 970 989 1009 flumina
1017 972 1134 1022 vulgo

186 1035 342 1075 fluxisse
371 1043 409 1074 et
438 1035 604 1086 gemmis
635 1037 771 1075 florere
799 1036 958 1075 arbusta
988 1049 1120 1075 suesse

184 1108 251 1139 aut
280 1101 482 1140 hominem
513 1108 623 1140 tanto
653 1101 921 1140 membrorum
951 1115 1036 1140 esse
1065 1101 1212 1152 impete
1240 1109 1388 1150 natum,

185 1174 291 1205 trans
321 1166 442 1205 maria
470 1168 548 1205 alta
576 1167 725 1217 pedum
754 1166 863 1205 nisus
892 1174 934 1205 ut
964 1180 1111 1217 ponere
1140 1175 1273 1218 posset

185 1238 224 1270 et
252 1231 435 1270 manibus
464 1239 591 1270 totum
621 1231 767 1270 circum
798 1245 840 1271 se
868 1239 1016 1271 vertere
1044 1234 1208 1271 caelum.
1452 1250 1515 1281 915

185 1309 276 1334 nam
306 1297 416 1346 quod
445 1298 567 1334 multa
596 1297 702 1334 fuere
731 1295 771 1334 in
801 1296 910 1335 terris
939 1296 1090 1335 semina
1119 1310 1246 1336 rerum

185 1369 362 1412 tempore
391 1374 471 1411 quo
501 1361 669 1412 primum
700 1362 814 1400 tellus
842 1361 1027 1399 animalia
1055 1361 1166 1409 fudit,

185 1426 239 1464 nil
270 1434 401 1465 tamen
432 1434 489 1465 est
519 1426 617 1476 signi
647 1426 786 1465 mixtas
816 1426 990 1476 potuisse
1020 1427 1139 1466 creari

185 1491 284 1530 inter
313 1504 354 1530 se
384 1492 557 1542 pecudes
586 1498 873 1542 compactaque
903 1492 1081 1531 membra
1109 1492 1368 1541 animantum,

183 1563 389 1608 propterea
417 1556 509 1607 quia
538 1569 640 1606 quae
669 1557 719 1595 de
749 1557 857 1595 terris
887 1570 993 1595 nunc
1023 1570 1183 1608 quoque
1212 1558 1417 1597 abundant
1451 1574 1517 1606 920

184 1622 393 1661 herbarum
422 1635 564 1672 genera
593 1634 638 1660 ac
669 1622 795 1672 fruges
824 1622 1063 1673 arbustaque
1091 1624 1192 1661 laeta

184 1699 265 1725 non
294 1694 427 1726 tamen
456 1686 556 1725 inter
585 1700 626 1725 se
655 1694 821 1737 possunt
850 1689 1055 1737 complexa
1084 1687 1216 1735 creari,

184 1753 253 1791 sed
283 1765 342 1790 res
372 1764 554 1802 quaeque
583 1765 654 1790 suo
685 1751 758 1790 ritu
788 1752 965 1802 procedit
995 1759 1033 1791 et
1062 1766 1200 1792 omnes

184 1818 341 1856 foedere
371 1824 531 1856 naturae
561 1824 667 1856 certo
689 1810 923 1856 ‘discrimina
953 1826 1118 1856 servant.

230 1934 277 1967 ln
295 1932 357 1967 tlte
373 1933 464 1977 days
478 1933 521 1979 of
533 1933 599 1968 old
611 1943 693 1968 men
707 1944 804 1967 were
817 1933 972 1968 leardier
985 1933 1076 1968 than
1093 1934 1176 1978 they
1189 1945 1254 1968 are
1267 1945 1363 1970 now.
1403 1934 1519 1970 Their

169 1979 274 2025 food
291 1991 372 2014 was
391 1979 452 2014 llze
470 1980 633 2014 natural
642 1980 807 2025 produce
823 1981 868 2026 of
883 1980 942 2014 the
962 1981 1080 2026 earth,
1098 1981 1199 2015 their
1218 1981 1334 2016 drink
1353 1993 1435 2016 was
1456 1982 1517 2017 the

183 2028 356 2072 running
370 2030 519 2062 stream.
575 2026 610 2061 T
604 2026 671 2072 lzey
688 2026 769 2061 had
786 2028 932 2062 neither
943 2028 1022 2073 fire
1044 2039 1116 2062 nor
1136 2028 1305 2074 clothing
1318 2029 1400 2063 and
1415 2029 1519 2064 lived

182 2073 332 2108 lawless
351 2074 456 2108 lives.
506 2074 594 2120 sze
610 2084 692 2108 was
698 2074 790 2120 full
804 2075 847 2120 of
864 2075 925 2109 tlze
941 2079 1082 2109 terrors
1099 2076 1142 2120 of
1160 2075 1220 2110 the
1236 2075 1428 2111 unknown
1439 2077 1515 2121 for

181 2120 279 2155 them
292 2133 305 2155 .·
330 2132 372 2154 as
387 2125 455 2166 yet
475 2121 558 2166 thoy
581 2132 676 2156 were
701 2125 766 2156 not
784 2122 965 2168 corfident
987 2123 1030 2167 cf
1050 2123 1110 2157 tlte
1129 2123 1355 2168 superiority
1371 2124 1416 2168 of
1427 2135 1514 2157 man

181 2179 272 2203 over
287 2168 394 2202 beasl.
541 2168 544 2169 ⁷

235 2272 289 2309 At
317 2284 441 2321 genus
470 2272 689 2310 humanum
721 2273 845 2311 multo
875 2272 946 2311 fuit
976 2272 1072 2312 illud
1102 2273 1142 2311 in
1170 2273 1270 2312 arvis
1448 2288 1511 2320 925

182 2335 329 2383 durius,
359 2343 402 2375 ut
430 2335 574 2383 decuit,
605 2337 720 2375 tellus
749 2338 859 2387 quod
888 2338 986 2376 dura
1014 2345 1194 2385 creasset,

182 2407 219 2439 et
249 2400 461 2439 maioribus
490 2407 529 2440 et
559 2400 694 2440 solidis
724 2402 846 2452 magis
876 2402 1031 2441 ossibus
1061 2402 1166 2441 intus

182 2466 401 2513 fundatum,
433 2466 570 2506 validis
599 2473 735 2517 aptum
766 2480 834 2517 per
862 2467 1010 2506 viscera
1039 2467 1178 2514 nervis,

827 2546 870 2582 13
