1747 2796
866 158 940 195 DE
972 157 1173 195 RERVM
1207 157 1439 197 NATVRA
1469 159 1505 196 V

174 261 337 300 vocibus
367 266 405 299 et
433 266 545 311 gestu
574 272 664 297 cum
695 258 812 298 balbe
841 260 1104 310 significarent

176 325 462 365 imbecillorum
493 337 578 363 esse
606 336 777 374 aequum
808 324 1023 364 misererier
1052 325 1191 364 omnis.

175 403 249 429 nec
278 397 410 428 tamen
440 388 679 428 omnimodis
709 396 861 439 poterat
889 389 1102 429 concordia
1130 390 1247 441 gigni,

175 456 244 494 sed
275 454 380 493 bona
409 466 630 504 magnaque
658 467 746 504 pars
776 455 953 494 servabat
983 456 1141 494 foedera
1169 462 1302 503 caste:
1422 472 1501 503 1025

173 528 240 558 aut
268 532 390 570 genus
421 519 639 557 humanum
669 519 746 557 iam
776 526 860 558 tum
890 521 989 558 foret
1018 533 1138 559 omne
1166 527 1413 571 peremptum

173 598 246 624 nec
276 584 466 635 potuisset
495 584 626 623 adhuc
655 585 871 634 perducere
900 586 1028 624 saecla
1057 599 1240 636 propago.
1387 604 1411 631 χ

1364 631 1385 658 s.

1342 665 1357 677 l

224 686 298 720 lee
308 683 644 732 gradualgrowtlt
662 685 707 731 of
715 685 905 731 language
918 687 950 720 is
967 685 1039 720 like
1051 686 1112 720 tlte
1129 687 1344 720 inslincliz‘e
1361 688 1503 721 aclz'otls

171 733 220 778 of
217 744 352 778 young
365 733 540 768 animals.
594 733 670 767 One
688 743 776 766 man
795 733 907 767 could
918 737 984 767 nol
999 734 1095 767 have
1111 733 1293 768 invented
1313 733 1503 779 language

172 781 215 825 by
231 780 387 825 himself
395 793 406 813 :
434 781 466 813 it
481 790 562 814 was
579 780 639 813 the
655 779 788 825 slowly
804 780 1005 825 developed
1022 784 1184 815 outcome
1202 782 1246 826 cgf
1261 781 1321 815 llte
1346 782 1506 815 natural

171 827 309 861 sounds
325 828 406 861 and
418 828 510 861 eries
528 827 572 872 os
582 838 682 868 man,
704 838 795 861 even
813 839 855 861 as
881 828 1046 862 am'mals
1069 828 1148 862 also
1167 830 1315 873 express
1332 828 1506 872 dzfferent

168 875 346 909 emotz’ons
358 874 401 920 by
417 874 590 918 dzffi’rent
603 874 751 908 sounds.

223 972 277 1009 At
306 972 431 1010 varios
461 972 617 1022 linguae
646 970 797 1009 sonitus
828 978 965 1009 natura
994 970 1148 1021 subegit

169 1036 322 1075 mittere
352 1044 390 1075 et
419 1037 564 1075 utilitas
594 1037 782 1086 expressit
812 1036 974 1074 nomina
1003 1049 1142 1083 rerum,

169 1113 249 1139 non
278 1101 352 1140 alia
382 1102 498 1152 longe
528 1102 678 1140 ratione
706 1109 826 1152 atque
856 1102 939 1151 ipsa
968 1102 1122 1141 videtur
1419 1118 1503 1148 1030

168 1167 392 1216 protrahere
421 1167 472 1206 ad
500 1174 652 1217 gestum
685 1179 826 1217 pueros
856 1166 1020 1205 infantia
1049 1167 1215 1217 linguae,

168 1244 258 1270 cum
289 1231 380 1270 facit
410 1239 452 1270 ut
481 1231 604 1282 digito
635 1245 735 1282 quae
765 1231 842 1270 sint
872 1231 1091 1282 praesentia
1123 1240 1352 1271 monstrent.

168 1296 286 1335 sentit
315 1296 420 1335 enim
451 1296 507 1335 vis
537 1296 704 1347 quisque
734 1310 822 1335 suas
853 1298 985 1347 quoad
1015 1297 1138 1347 possit
1167 1297 1289 1335 abuti.

167 1375 315 1401 cornua
344 1369 434 1400 nata
464 1361 569 1412 prius
599 1361 721 1400 vitulo
751 1375 869 1411 quam
899 1362 1092 1401 frontibus
1123 1370 1286 1409 exstent,

167 1427 241 1466 illis
270 1426 389 1465 iratus
419 1427 515 1477 petit
544 1434 662 1476 atque
692 1426 854 1465 infestus
885 1426 1048 1477 inurget.
1419 1443 1501 1476 1035

166 1499 205 1530 at
234 1492 352 1530 catuli
381 1493 658 1542 pantherarum
689 1492 919 1542 scymnique
948 1493 1108 1530 leonum

167 1556 363 1608 unguibus
392 1570 438 1596 ac
466 1556 635 1607 pedibus
664 1556 741 1594 iam
772 1564 855 1594 tum
887 1570 1099 1607 morsuque
1129 1565 1358 1608 repugnant,

166 1621 228 1660 vix
257 1621 374 1661 etiam
406 1635 495 1660 cum
526 1629 617 1660 sunt
647 1623 786 1660 dentes
816 1635 1047 1672 unguesque
1077 1622 1206 1661 creati.

165 1686 330 1726 alituum
360 1700 476 1738 porro
504 1700 627 1738 genus
656 1687 726 1726 alis
756 1700 875 1726 omne
904 1686 1083 1726 videmus

167 1753 287 1792 fidere
316 1760 354 1791 et
383 1767 406 1791 a
434 1752 565 1803 pinnis
595 1754 806 1792 tremulum
838 1759 971 1803 petere
999 1752 1240 1791 auxiliatum.
1416 1768 1500 1799 1040

166 1817 332 1868 proinde
361 1825 498 1868 putare
527 1817 700 1868 aliquerri
729 1824 813 1855 tum
843 1816 1006 1856 nomina
1034 1817 1279 1856 distribuisse

165 1883 282 1922 rebus
312 1890 350 1921 et
378 1882 471 1921 inde
500 1882 681 1921 homines
711 1882 897 1921 didicisse
926 1883 1118 1921 vocabula
1147 1882 1282 1932 prima,

166 1947 392 1998 desiperest.
452 1961 543 1986 nam
574 1961 642 1986 cur
670 1947 734 1986 hic
764 1955 897 1998 posset
926 1955 1068 1986 cuncta
1098 1955 1234 1986 notare

166 2012 330 2051 vocibus
359 2020 397 2051 et
426 2012 552 2052 varios
581 2012 732 2051 sonitus
763 2012 939 2051 emittere
968 2012 1134 2064 linguae,

167 2084 344 2128 tempore
373 2078 516 2117 eodem
545 2078 610 2116 alii
640 2079 767 2116 facere
797 2077 837 2116 id
867 2091 947 2116 non
978 2077 1109 2128 quisse
1138 2079 1356 2128 putentur?
1416 2093 1498 2125 1045

166 2150 364 2192 praeterea
394 2143 424 2181 si
454 2156 535 2182 non
564 2143 629 2182 alii
659 2156 819 2193 quoque
847 2143 1011 2182 vocibus
1040 2143 1100 2181 usi

167 2208 266 2246 inter
295 2221 336 2247 se
366 2209 528 2256 fuerant,
561 2209 669 2247 unde
698 2208 814 2247 insita
844 2207 1002 2247 notities
1032 2216 1091 2247 est

167 2271 342 2311 utilitatis
373 2281 411 2312 et
440 2275 547 2313 unde
576 2275 668 2313 data
697 2281 755 2312 est
785 2273 876 2312 huic
906 2274 1031 2324 prima
1061 2281 1244 2324 potestas,

167 2337 262 2387 quid
292 2339 407 2377 vellet
438 2340 564 2378 facere
594 2347 635 2378 ut
665 2339 779 2378 sciret
807 2338 1022 2390 animoque
1052 2339 1232 2378 videret?

166 2416 305 2453 cogere
335 2404 427 2443 item
458 2406 577 2455 pluris
608 2418 708 2444 unus
738 2406 942 2454 victosque
971 2406 1133 2443 domare
1418 2419 1499 2452 1050

167 2481 247 2506 non
277 2475 438 2518 poterat,
471 2483 598 2509 rerum
629 2478 670 2509 ut
700 2469 920 2520 perdiscere
951 2469 1112 2508 nomina
1141 2471 1295 2509 vellent.

236 2544 313 2563 Luca.
332 2546 348 2562 ν
812 2547 855 2583 17
1370 2545 1390 2571 I}
