1747 2796
193 164 238 200 T.
273 161 519 200 LVCRETI
552 159 687 198 CARI

193 264 399 302 utilitatem
428 263 599 312 aliquam
629 273 749 311 quare
777 267 997 311 pateremur
1026 273 1163 300 eorum

193 328 388 379 praesidio
418 334 552 366 nostro
581 325 689 377 pasci
716 338 840 376 genus
868 338 1034 376 esseque
1062 333 1201 372 tutum,

192 393 340 432 scilicet
369 393 467 431 haec
494 391 579 430 aliis
609 391 778 442 praedae
807 391 995 441 lucroque
1024 389 1205 429 iacebant
1458 396 1523 436 875

192 456 425 508 indupedita
455 456 533 495 suis
563 455 745 494 fatalibus
775 455 908 494 omnia
937 455 1086 502 vinclis,

192 524 322 562 donec
350 523 401 561 ad
430 521 628 560 interitum
659 534 782 571 genus
811 520 852 559 id
881 527 1019 559 natura
1047 519 1205 570 redegit.

241 630 340 665 Such
358 633 510 675 strange
527 632 707 664 monsters
724 640 767 663 as
785 629 816 664 C
815 632 979 671 enlaurs,
998 629 1144 673 Satyrs,
1160 628 1297 674 Scylla,
1313 627 1524 671 Chimaera,

191 673 277 720 &c.,
295 677 409 712 could
428 687 542 710 never
559 676 656 710 have
680 676 825 710 existed
846 676 988 710 outside
1012 676 1072 710 the
1095 676 1346 721 imagination
1359 688 1372 709 .·
1384 676 1459 721 for
1482 676 1523 709 in

192 726 289 759 llzese
314 724 438 770 bez‘ngs
463 723 506 769 of
526 723 686 768 twcffold
703 726 840 757 nature
863 723 923 757 the
948 723 1131 768 maturity
1148 723 1191 767 of
1210 723 1271 757 the
1293 733 1360 756 one
1376 724 1472 768 part
1490 724 1524 757 is

180 772 290 817 fully
312 771 512 815 developed
530 770 650 816 before
674 769 733 804 tlte
758 770 941 812 maturity
966 770 1009 816 of
1028 769 1088 804 the
1113 770 1219 804 other
1231 772 1351 814 par&
1375 781 1399 803 a
1418 769 1525 804 lzorse

192 819 324 853 would
340 818 378 852 be
400 822 534 863 strong
556 818 637 852 and
652 818 831 863 vigemus
852 816 965 851 while
983 817 1044 850 the
1068 815 1211 850 human
1228 816 1382 850 element
1398 816 1529 851 would

191 865 276 900 still
298 865 336 899 be
360 864 497 906 tender,
523 865 604 898 and
625 866 741 910 again
766 863 827 898 tlte
851 864 958 898 lzorse
982 863 1113 898 would
1135 864 1174 898 be
1198 863 1265 898 old
1286 863 1368 898 and
1389 863 1529 908 beyond

192 912 298 947 work
323 911 431 946 when
455 911 516 946 tlte
540 911 682 945 human
708 911 863 945 element
885 911 965 945 had
981 912 1068 957 just
1093 911 1248 946 reached
1268 911 1319 945 z'ts
1343 911 1523 956 strength.

194 960 244 994 So
273 964 331 994 too
360 963 454 994 trees
481 959 562 992 and
580 959 713 1003 plants
738 958 823 992 still
849 959 972 992 retain
1001 957 1101 991 their
1126 957 1419 992 characteristics
1447 957 1529 992 and

192 1010 329 1042 cannot
344 1010 385 1040 at
399 1017 474 1050 any
491 1010 572 1040 rate
589 1006 729 1050 beyond
741 1018 763 1039 (ι
780 1007 922 1040 certain
940 1005 1042 1039 lz'mz't
1058 1006 1096 1039 be
1111 1005 1373 1050 transformed.

247 1108 325 1147 Sed
355 1119 484 1157 neque
514 1106 699 1146 Centauri
731 1107 898 1153 fuerunt,
930 1119 1002 1144 nec
1033 1113 1210 1156 tempore
1240 1105 1279 1145 in
1310 1107 1390 1145 ullo

193 1187 278 1212 esse
306 1180 457 1223 queunt
485 1171 634 1222 duplici
663 1179 800 1210 natura
830 1179 867 1210 et
896 1184 1058 1222 corpore
1088 1171 1183 1210 bino

192 1252 239 1277 ex
266 1237 494 1288 alienigenis
525 1237 711 1276 membris
740 1244 957 1287 compacta,
990 1244 1162 1287 potestas
1459 1244 1523 1275 880

193 1303 285 1342 hinc
315 1302 420 1341 illinc
450 1302 569 1353 partis
599 1310 641 1340 ut
671 1315 750 1341 non
782 1315 849 1352 par
879 1315 964 1341 esse
994 1301 1157 1352 potissit.

194 1369 233 1408 id
262 1368 352 1407 licet
382 1368 474 1407 hinc
504 1366 682 1418 quamvis
712 1366 845 1406 hebeti
875 1380 1113 1417 cognoscere
1143 1369 1272 1407 corde.

192 1434 385 1485 principio
414 1433 561 1472 circum
591 1432 714 1471 tribus
743 1432 839 1471 actis
870 1432 1032 1482 impiger
1060 1432 1174 1471 annis

193 1501 304 1538 floret
334 1512 470 1549 equus,
501 1511 597 1548 puer
626 1498 962 1547 haudquaquam3
1001 1510 1092 1535 nam
1123 1510 1239 1547 saepe
1269 1496 1386 1536 etiam
1417 1511 1523 1536 nunc

194 1565 315 1603 ubera
344 1576 602 1602 mammarum
634 1563 673 1600 in
704 1561 852 1601 somnis
882 1561 1065 1600 lactantia
1095 1569 1265 1612 quaeret.
1459 1570 1521 1611 885

193 1638 282 1680 post
311 1629 378 1667 ubi
409 1641 553 1679 equum
585 1627 737 1666 validae
766 1626 864 1665 vires
892 1634 1021 1665 aetate
1051 1634 1209 1665 senecta

195 1694 450 1745 membraque
479 1692 669 1732 deficiunt
699 1691 861 1742 fugienti
890 1691 1076 1742 languida
1104 1692 1193 1740 vita,

194 1769 277 1798 tum
307 1760 468 1798 demum
498 1757 628 1808 pueris
657 1769 755 1796 aevo
785 1758 948 1795 florente
977 1756 1155 1795 iuventas

193 1824 337 1875 occipit
366 1831 404 1862 et
434 1822 542 1862 molli
571 1821 685 1861 vestit
714 1821 898 1872 lanugine
928 1823 1059 1860 malas.

193 1903 243 1928 ne
273 1891 371 1928 forte
401 1902 447 1927 ex
475 1887 637 1926 homine
667 1894 705 1925 et
733 1886 908 1925 veterino
938 1886 1088 1926 semine
1117 1900 1308 1938 equorum
1458 1893 1523 1935 890

193 1954 354 1994 confieri
383 1954 519 1992 credas
549 1953 769 1992 Centauros
798 1965 915 2002 posse
943 1965 1073 2002 neque
1102 1965 1200 2001 esse,

192 2027 259 2058 aut
289 2018 434 2058 rabidis
463 2017 627 2056 canibus
657 2016 876 2055 succinctas
905 2016 1164 2055 semimarinis

194 2083 423 2135 corporibus
452 2084 598 2133 Scyllas
628 2090 665 2120 et
695 2089 824 2120 cetera
852 2082 903 2120 de
931 2095 1073 2132 genere
1102 2083 1253 2129 horum,

194 2149 293 2188 inter
321 2162 362 2187 se
391 2160 560 2198 quorum
590 2146 787 2186 discordia
816 2146 993 2185 membra
1021 2146 1229 2194 videmus;

193 2227 294 2264 quae
323 2226 452 2264 neque
482 2213 693 2251 florescunt
722 2211 864 2262 pariter
892 2224 965 2250 nec
995 2212 1136 2251 robora
1164 2219 1325 2250 sumunt
1456 2218 1520 2260 895

194 2278 423 2330 corporibus
452 2290 582 2328 neque
610 2276 806 2327 proiciunt
834 2283 961 2315 aetate
991 2284 1149 2315 senecta

194 2356 268 2382 nec
297 2342 413 2382 simili
442 2344 597 2380 Venere
625 2342 835 2380 ardescunt
863 2354 937 2380 nec
967 2340 1140 2379 moribus
1170 2339 1258 2379 unis

195 2407 446 2454 conveniunt,
479 2420 608 2457 neque
638 2413 728 2445 sunt
757 2407 897 2445 eadem
928 2405 1099 2445 iucunda
1129 2419 1196 2456 per
1224 2412 1340 2444 artus.

195 2472 341 2524 quippe
370 2471 502 2511 videre
530 2471 621 2510 licet
652 2470 905 2522 pinguescere
935 2484 1051 2521 saepe
1081 2470 1209 2509 cicuta

837 2548 879 2574 12
