1747 2796
223 148 269 186 T,
304 148 549 187 LVCRETI
582 148 716 188 CARI

224 259 262 291 et
292 253 414 302 magis
444 251 483 290 in
513 251 662 291 somnis
692 252 872 291 mirando
898 252 1072 302 corporis
1100 260 1229 292 auctu.

224 317 283 355 his
313 317 428 367 igitur
456 330 615 356 sensum
645 317 870 356 tribuebant
899 325 1105 368 propterea
1134 319 1244 368 quod

223 382 401 421 membra
430 395 588 421 movere
616 382 851 422 videbantur
879 395 1075 433 vocesque
1104 383 1292 433 superbas

225 447 377 486 mittere
406 460 476 497 pro
505 446 604 485 facie
633 449 830 497 praeclara
857 455 895 486 et
925 447 1070 486 viribus
1099 449 1252 499 amplis.

222 520 503 562 aeternamque
532 512 681 551 dabant
710 511 840 560 vitam,
872 512 964 562 quia
993 525 1147 563 semper
1175 526 1310 552 eorum
1469 526 1550 562 1175

224 576 549 627 suppeditabatur
576 576 695 616 facies
724 585 762 616 et
791 578 916 616 forma
946 578 1141 625 manebat,

224 650 261 681 et
291 650 422 680 tamen
453 641 617 680 omnino
646 643 755 692 quod
785 642 902 681 tantis
932 642 1079 681 viribus
1108 650 1245 682 auctos

224 721 304 746 non
334 715 480 746 temere
509 708 588 745 ulla
616 706 653 746 vi
682 707 864 746 convinci
894 720 1010 758 posse
1039 708 1242 758 putabant.

223 772 468 822 fortunisque
497 773 588 811 ideo
617 773 733 822 longe
761 780 957 823 praestare
985 773 1188 823 putabant,

223 839 331 889 quod
363 836 497 876 mortis
527 836 643 876 timor
672 838 780 877 haud
809 851 1051 888 quemquam
1080 845 1234 877 vexaret
1264 851 1411 887 eorum,
1471 846 1554 878 1180

224 910 261 940 et
291 902 405 941 simul
437 902 476 940 in
506 902 655 941 somnis
685 902 777 952 quia
806 904 929 941 multa
958 910 996 942 et
1025 903 1122 942 mira
1151 903 1337 942 videbant

223 967 375 1005 efficere
404 974 442 1006 et
471 969 623 1006 nullum
652 980 792 1018 capere
820 967 926 1018 ipsos
956 967 1049 1007 inde
1078 968 1263 1007 laborem.

223 1040 423 1082 praeterea
452 1032 549 1072 caeli
575 1032 745 1071 rationes
775 1033 914 1072 ordine
943 1040 1049 1072 certo

222 1105 260 1136 et
289 1097 393 1136 varia
422 1111 616 1136 annorum
646 1098 859 1136 cernebant
888 1105 1066 1148 tempora
1095 1098 1189 1137 verti

222 1175 295 1201 nec
325 1169 505 1212 poterant
534 1162 678 1212 quibus
708 1162 748 1201 id
779 1163 887 1201 fieret
916 1175 1154 1213 cognoscere
1184 1162 1323 1201 causis.
1472 1169 1553 1210 1185

223 1240 314 1277 ergo
343 1227 563 1277 perfugium
594 1227 667 1266 sibi
697 1227 898 1266 habebant
928 1227 1061 1266 omnia
1090 1227 1190 1267 divis

222 1294 373 1331 tradere
403 1300 441 1331 et
470 1292 624 1331 illorum
655 1300 752 1331 nutu
782 1294 908 1332 facere
938 1293 1072 1332 omnia
1101 1292 1215 1331 flecti.

223 1358 261 1396 in
291 1359 481 1408 caeloque
511 1358 630 1396 deum
662 1358 765 1397 sedis
795 1366 833 1397 et
862 1359 1010 1408 templa
1039 1359 1232 1404 locarunt,

222 1436 291 1473 per
319 1424 472 1461 caelum
502 1424 605 1461 volvi
635 1424 727 1473 quia
756 1425 814 1461 sol
844 1431 881 1462 et
912 1424 1003 1462 luna
1033 1423 1195 1470 videtur,

223 1488 316 1525 luna
345 1488 430 1526 dies
459 1494 497 1526 et
528 1500 604 1526 nox
634 1495 672 1526 et
702 1487 828 1526 noctis
859 1488 968 1538 signa
998 1500 1131 1527 severa
1472 1502 1553 1534 1190

224 1552 534 1603 noctivagaeque
564 1553 667 1591 faces
698 1552 795 1591 caeli
825 1553 1086 1603 flammaeque
1115 1554 1304 1598 volantes,

223 1617 358 1656 nubila
388 1619 445 1656 sol
476 1616 620 1656 imbres
650 1618 715 1655 nix
745 1618 849 1656 venti
879 1617 1043 1656 fulmina
1071 1618 1221 1668 grando

225 1690 262 1721 et
293 1682 415 1734 rapidi
447 1684 622 1722 fremitus
652 1690 689 1722 et
721 1697 919 1722 murmura
948 1696 1089 1734 magna
1119 1682 1324 1721 minarum.

270 1788 361 1821 [Uen
386 1787 483 1822 have
508 1788 659 1822 conrted
680 1788 817 1832 misery
833 1788 877 1832 by
901 1788 1102 1833 asszgnz'ng
1122 1790 1159 1822 to
1183 1786 1243 1821 tlte
1263 1787 1357 1832 gods
1381 1790 1447 1821 not
1469 1786 1554 1830 only

223 1836 495 1880 supernatural
503 1837 655 1880 powers
672 1834 738 1869 but
762 1833 841 1869 also
858 1835 918 1869 tlze
939 1836 1148 1880 capricious
1168 1845 1231 1868 use
1254 1834 1296 1879 of
1316 1833 1424 1868 them.
1481 1834 1556 1867 The

223 1881 328 1927 truly
354 1883 468 1927 pious
493 1892 582 1916 man
615 1883 648 1916 is
677 1886 742 1916 not
768 1881 830 1916 the
853 1883 1114 1927 superstitious
1140 1892 1240 1924 man,
1270 1881 1335 1915 but
1359 1879 1490 1915 rather
1511 1879 1556 1915 he

223 1929 346 1963 whose
362 1930 564 1964 conscience
581 1930 614 1963 is
630 1933 671 1963 at
685 1933 770 1964 rest.
826 1929 862 1963 Τ
856 1929 900 1963 he
916 1933 1085 1964 vastness
1102 1929 1147 1974 os
1155 1928 1216 1963 the
1233 1929 1408 1962 universe
1411 1927 1498 1973 fills
1511 1939 1555 1962 us

224 1975 320 2010 with
355 1976 492 2018 alarm,
525 1975 690 2010 tlmna'er
720 1976 878 2021 terrg'fies
907 1987 952 2010 us
980 1977 1050 2010 lest
1072 1978 1105 2010 it
1133 1975 1172 2010 be
1197 1975 1258 2009 the
1286 1974 1490 2020 harbinger
1516 1975 1559 2017 of

224 2024 354 2057 divine
377 2034 586 2068 vengeance
611 2034 657 2057 on
685 2034 758 2057 our
772 2024 913 2058 crimes.
971 2024 1006 2057 T
1002 2023 1046 2057 he
1071 2022 1216 2068 nngrhty
1239 2021 1407 2067 strength
1433 2021 1480 2067 of
1495 2021 1556 2055 the

224 2081 296 2113 sea,
315 2071 357 2116 of
370 2070 430 2104 tlte
446 2070 556 2105 wind
568 2070 649 2104 and
661 2071 705 2116 of
725 2069 970 2115 earlhquakes
994 2069 1191 2115 naturally
1214 2069 1325 2103 instil
1344 2071 1424 2103 into
1441 2068 1556 2103 men's

226 2117 350 2152 mimis
366 2130 388 2151 a
407 2117 578 2163 llearffnl
593 2118 816 2152 realization
835 2118 877 2163 ‘ff
889 2118 989 2152 their
1005 2128 1089 2152 own
1105 2117 1397 2162 inszjgm‘ficance.

281 2215 318 2254 O
347 2228 470 2265 genus
500 2216 632 2254 infelix
661 2216 890 2262 humanum,
923 2215 1013 2253 talia
1042 2214 1142 2254 divis

226 2293 318 2318 cum
348 2279 481 2318 tribuit
511 2281 612 2319 facta
640 2287 759 2331 atque
789 2281 862 2318 iras
891 2279 1068 2319 adiunxit
1096 2279 1279 2318 acerbas!
1471 2293 1553 2326 ¹¹95

228 2352 396 2395 quantos
426 2352 509 2383 tum
539 2345 706 2395 gemitus
736 2344 809 2395 ipsi
839 2344 924 2393 sibi,
956 2351 1182 2395 quantaque
1212 2343 1326 2382 nobis

229 2411 402 2458 vulnera,
431 2423 528 2460 quas
559 2410 737 2449 lacrimas
767 2422 953 2460 peperere
984 2408 1193 2448 minoribu'
1223 2409 1390 2448 nostris!

230 2488 303 2513 nec
332 2474 455 2525 pietas
485 2475 599 2513 ullast
628 2476 799 2513 velatum
829 2487 946 2524 saepe
974 2473 1095 2513 videri

871 2552 916 2576 22
