1747 2796
908 116 982 154 DE
1014 117 1215 154 RERVM
1248 117 1480 155 NATVRA
1510 118 1547 154 V

216 227 335 270 atque
364 221 591 258 lacunarum
621 220 774 258 fuerant
804 219 964 270 vestigia
993 219 1146 269 cuique.

216 292 298 323 tum
330 285 559 335 penetrabat
588 297 656 323 eos
685 298 802 335 posse
832 286 929 323 haec
959 284 1169 335 liquefacta
1197 286 1327 324 calore

217 349 434 400 quamlibet
464 349 503 387 in
533 351 699 388 formam
729 357 767 388 et
796 350 937 388 faciem
966 351 1172 389 decurrere
1201 363 1328 388 rerum

217 424 255 454 et
285 428 463 466 prorsum
492 415 671 465 quamvis
701 415 741 453 in
769 422 885 454 acuta
913 428 960 453 ac
989 415 1119 454 tenvia
1148 428 1264 466 posse

218 493 452 519 mucronum
481 480 573 519 duci
603 479 754 531 fastigia
782 481 1054 531 procudend0‚
1466 487 1545 530 1265

218 552 260 583 ut
289 545 363 584 sibi
392 547 470 584 tela
497 553 644 596 parent,
678 546 872 596 silvasque
902 554 943 584 ut
973 547 1137 585 caedere
1166 545 1317 596 possint

218 610 500 660 materiemque
528 612 662 649 dolare
691 619 730 650 et
758 612 859 650 levia
887 612 1023 650 radere
1052 611 1159 661 tigna

217 683 256 714 et
285 676 478 714 terebrare
507 677 624 715 etiam
654 690 700 714 ac
729 678 965 727 pertundere
994 689 1142 727 perque
1171 677 1306 714 forare.

218 754 290 779 nec
321 741 450 779 minus
479 749 640 792 argento
669 743 796 780 facere
825 743 922 781 haec
951 755 1127 792 auroque
1156 742 1346 792 parabant

217 819 337 856 quam
367 806 484 846 validi
514 807 684 857 primum
715 807 895 846 violentis
925 807 1070 846 viribus
1099 807 1209 853 aeris,
1463 823 1499 846 12

217 873 469 922 nequiquam,
502 872 690 922 quoniam
721 874 888 912 cedebat
917 873 1018 911 victa
1048 880 1233 923 potestas,

218 951 291 976 nec
320 944 500 988 poterant
530 937 672 987 pariter
701 939 843 977 durum
874 939 1032 976 sufferre
1062 938 1248 976 laborem.

217 1010 300 1041 tum
330 1003 402 1041 fuit
431 1002 470 1040 in
500 1003 626 1052 pretio
656 1003 777 1053 magis
806 1017 872 1042 aes
901 1016 1120 1053 aurumque
1150 1003 1302 1041 iacebat

217 1075 374 1119 propter
402 1067 650 1106 inutilitatem
682 1068 814 1107 hebeti
845 1082 1033 1107 mucrone
1062 1075 1247 1107 retusum.

216 1147 322 1172 nunc
343 1134 441 1172 iacet
462 1146 539 1181 aes,
561 1147 699 1172 aurum
720 1133 759 1171 in
782 1147 981 1172 summum
1003 1133 1191 1172 successit
1212 1135 1414 1172 honorem.
1464 1148 1545 1181 1²75

216 1198 271 1237 sic
300 1200 496 1238 volvenda
523 1206 630 1237 aetas
659 1206 878 1237 commutat
907 1206 1085 1249 tempora
1115 1212 1254 1238 rerum.

216 1265 324 1314 quod
354 1264 425 1303 fuit
454 1263 494 1302 in
524 1264 660 1314 pretio,
692 1265 734 1303 fit
763 1265 872 1302 nullo
902 1264 1075 1314 denique
1105 1265 1280 1312 honore3

216 1342 331 1379 porro
360 1329 466 1368 aliud
497 1329 673 1368 succedit
702 1337 739 1368 et
772 1330 846 1379 (e)
878 1329 1173 1380 contemptibus
1203 1329 1279 1368 exit

216 1395 336 1445 inque
365 1395 449 1434 dies
480 1394 601 1445 magis
631 1395 827 1445 appetitur
855 1396 1047 1444 floretque
1077 1402 1273 1444 repertum

216 1459 398 1499 laudibus
428 1468 466 1499 et
497 1460 594 1498 miro
624 1467 682 1498 est
712 1460 885 1499 mortalis
916 1460 1015 1498 inter
1044 1460 1206 1499 honore.
1462 1468 1545 1498 1280

1528 825 1548 845 0

1508 822 1523 855 *¹

268 1578 303 1611 T
298 1576 343 1612 lte
367 1576 518 1611 earliest
542 1588 646 1611 arms
670 1587 767 1610 were
792 1576 852 1610 tlte
873 1576 1033 1611 natural
1052 1578 1225 1621 weapons
1242 1576 1287 1621 os
1295 1575 1408 1618 nails,
1434 1576 1540 1617 leeth,

214 1619 298 1667 &Q
316 1625 401 1659 then
419 1628 538 1658 stenes
555 1624 636 1659 and
650 1623 750 1658 clubs
767 1623 847 1658 and
853 1625 931 1669 fire
946 1636 959 1658 .·
983 1624 1082 1658 later
1092 1633 1191 1658 came
1211 1623 1343 1657 bronze
1360 1625 1544 1668 weqstons,

215 1673 318 1707 until
340 1676 381 1706 at
404 1672 479 1706 last
502 1672 587 1706 iren
608 1671 816 1716 prevaz‘led.
865 1672 964 1706 Soon
990 1671 1051 1705 tlte
1074 1670 1180 1704 horse
1204 1681 1286 1704 was
1309 1669 1441 1704 ridden
1467 1670 1546 1704 into

215 1719 338 1762 battle,
357 1718 444 1754 then
462 1729 561 1753 came
578 1719 741 1754 chariols
757 1717 851 1752 wilh
870 1723 944 1752 two
962 1717 1098 1760 barses,
1116 1718 1214 1752 later
1237 1716 1329 1751 with
1334 1717 1447 1762 four.
1489 1717 1525 1751 A
1530 1721 1547 1750 t

214 1769 290 1801 last
305 1767 365 1801 llze
380 1766 548 1810 strength
568 1766 611 1812 (ff
622 1766 776 1817 trajned
788 1765 978 1810 elephants
995 1776 1075 1799 was
1089 1765 1279 1809 employed
1295 1766 1335 1798 in
1350 1765 1520 1810 war-fare
1534 1777 1546 1798 .-

214 1825 297 1848 πετο
313 1813 598 1858 death-dealing
613 1814 867 1848 conlrz't'ames
879 1824 974 1846 were
995 1811 1228 1857 contz'nually
1239 1811 1349 1857 being
1358 1812 1543 1846 invented.

270 1924 389 1961 Nune
417 1921 489 1961 tibi
518 1935 598 1972 quo
628 1929 745 1973 pacto
774 1921 862 1960 ferri
892 1929 1029 1960 natura
1058 1929 1208 1972 reperta

215 1988 262 2027 sit
292 1988 442 2027 facilest
471 1987 544 2039 ipsi
573 2001 642 2038 per
670 1996 708 2026 te
737 2000 985 2038 cognoscere,
1019 1988 1197 2026 Memmi.

214 2067 321 2092 arma
350 2053 512 2103 antiqua
541 2066 681 2091 manus
711 2066 861 2103 ungues
891 2054 1110 2102 dentesque
1139 2054 1295 2091 fuerunt

215 2127 251 2158 et
282 2118 431 2169 lapides
461 2126 498 2157 et
528 2118 621 2157 item
651 2117 834 2156 silvarum
864 2118 1053 2168 fragmina
1082 2119 1190 2165 rami,

214 2192 252 2224 et
272 2186 431 2223 flamma
450 2191 569 2234 atque
590 2183 709 2233 ignes,
728 2191 938 2234 postquam
961 2191 1050 2222 sunt
1071 2183 1228 2234 cognita
1249 2184 1429 2234 primum.
1458 2191 1539 2231 1285

215 2249 407 2300 posterius
437 2248 523 2287 ferri
553 2248 610 2286 vis
640 2256 697 2286 est
726 2248 904 2298 aerisque
933 2256 1096 2298 reperta.

215 2321 252 2352 et
281 2313 385 2363 prior
412 2313 511 2352 aeris
541 2321 620 2352 erat
650 2326 769 2363 quarn
799 2313 885 2352 ferri
916 2313 1094 2363 cognitus
1125 2327 1230 2360 usus,

215 2392 294 2428 quo
324 2378 446 2416 facilis
476 2378 598 2428 magis
628 2386 686 2417 est
716 2386 854 2417 natura
883 2386 921 2417 et
950 2379 1065 2428 copia
1094 2379 1228 2418 maior.

214 2456 302 2481 aere
331 2444 458 2482 solum
489 2451 612 2482 terrae
641 2443 874 2491 tractabant,
903 2456 1071 2493 aereque
1102 2444 1192 2482 belli

855 2520 899 2557 25
