<?xml version="1.0" encoding="UTF-8"?>
<!DOCTYPE html PUBLIC "-//W3C//DTD XHTML 1.0 Transitional//EN"
    "http://www.w3.org/TR/xhtml1/DTD/xhtml1-transitional.dtd">
<html xmlns="http://www.w3.org/1999/xhtml" xml:lang="en" lang="en">
 <head>
  <title>
</title>
<meta http-equiv="Content-Type" content="text/html;charset=utf-8" />
  <meta name='ocr-system' content='tesseract 3.04.00' />
  <meta name='ocr-capabilities' content='ocr_page ocr_carea ocr_par ocr_line ocrx_word'/>
</head>
<body>
  <div class='ocr_page' id='page_1' title='image "./dererumnaturasel02lucruoft_0027.png"; bbox 0 0 1747 2796; ppageno 0'>
   <div class='ocr_carea' id='block_1_1' title="bbox 931 123 1568 161">
    <p class='ocr_par' dir='ltr' id='par_1_1' title="bbox 931 123 1568 161">
     <span class='ocr_line' id='line_1_1' title="bbox 931 123 1568 161; baseline 0.002 -1"><span class='ocrx_word' id='word_1_1' title='bbox 931 124 1004 160; x_wconf 79' lang='lat' dir='ltr'>DE</span> <span class='ocrx_word' id='word_1_2' title='bbox 1037 123 1237 161; x_wconf 64' lang='lat' dir='ltr'>RERVM</span> <span class='ocrx_word' id='word_1_3' title='bbox 1272 124 1503 161; x_wconf 74' lang='lat' dir='ltr'><strong>NATVRA</strong></span> <span class='ocrx_word' id='word_1_4' title='bbox 1534 125 1568 160; x_wconf 81' lang='lat' dir='ltr'>V</span> 
     </span>
    </p>
   </div>
   <div class='ocr_carea' id='block_1_2' title="bbox 229 228 1568 2493">
    <p class='ocr_par' dir='ltr' id='par_1_2' title="bbox 239 228 1373 279">
     <span class='ocr_line' id='line_1_2' title="bbox 239 228 1373 279; baseline -0.002 -11"><span class='ocrx_word' id='word_1_5' title='bbox 239 228 377 269; x_wconf 86' lang='lat' dir='ltr'>vertier</span> <span class='ocrx_word' id='word_1_6' title='bbox 405 229 457 268; x_wconf 88' lang='lat' dir='ltr'>ad</span> <span class='ocrx_word' id='word_1_7' title='bbox 486 228 657 279; x_wconf 87' lang='lat' dir='ltr'>lapidem</span> <span class='ocrx_word' id='word_1_8' title='bbox 686 234 806 278; x_wconf 90' lang='lat' dir='ltr'>atque</span> <span class='ocrx_word' id='word_1_9' title='bbox 835 229 964 267; x_wconf 90' lang='lat' dir='ltr'>omnis</span> <span class='ocrx_word' id='word_1_10' title='bbox 993 229 1181 268; x_wconf 81' lang='lat' dir='ltr'>accedere</span> <span class='ocrx_word' id='word_1_11' title='bbox 1210 229 1261 267; x_wconf 90' lang='lat' dir='ltr'>ad</span> <span class='ocrx_word' id='word_1_12' title='bbox 1290 242 1373 267; x_wconf 84' lang='lat' dir='ltr'>aras</span> 
     </span>
    </p>

    <p class='ocr_par' dir='ltr' id='par_1_3' title="bbox 236 294 1568 409">
     <span class='ocr_line' id='line_1_3' title="bbox 238 294 1568 345; baseline -0.001 -13"><span class='ocrx_word' id='word_1_13' title='bbox 238 308 312 334; x_wconf 90' lang='lat' dir='ltr'>nec</span> <span class='ocrx_word' id='word_1_14' title='bbox 341 294 599 345; x_wconf 89' lang='lat' dir='ltr'>procumbere</span> <span class='ocrx_word' id='word_1_15' title='bbox 629 295 738 332; x_wconf 90' lang='lat' dir='ltr'>humi</span> <span class='ocrx_word' id='word_1_16' title='bbox 768 301 1004 344; x_wconf 89' lang='lat' dir='ltr'>prostratum</span> <span class='ocrx_word' id='word_1_17' title='bbox 1034 301 1072 332; x_wconf 89' lang='lat' dir='ltr'>et</span> <span class='ocrx_word' id='word_1_18' title='bbox 1100 295 1275 343; x_wconf 91' lang='lat' dir='ltr'>pandere</span> <span class='ocrx_word' id='word_1_19' title='bbox 1304 296 1453 344; x_wconf 88' lang='lat' dir='ltr'>palmas</span> <span class='ocrx_word' id='word_1_20' title='bbox 1488 310 1568 332; x_wconf 84' lang='lat'><em>1200</em></span> 
     </span>
     <span class='ocr_line' id='line_1_4' title="bbox 236 358 1260 409; baseline -0.002 -11"><span class='ocrx_word' id='word_1_21' title='bbox 236 367 328 398; x_wconf 90' lang='lat' dir='ltr'>ante</span> <span class='ocrx_word' id='word_1_22' title='bbox 357 360 477 399; x_wconf 90' lang='lat' dir='ltr'>deum</span> <span class='ocrx_word' id='word_1_23' title='bbox 505 359 671 398; x_wconf 90' lang='lat' dir='ltr'>delubra</span> <span class='ocrx_word' id='word_1_24' title='bbox 699 371 773 397; x_wconf 90' lang='lat' dir='ltr'>nec</span> <span class='ocrx_word' id='word_1_25' title='bbox 801 371 885 398; x_wconf 89' lang='lat' dir='ltr'>aras</span> <span class='ocrx_word' id='word_1_26' title='bbox 915 358 1105 409; x_wconf 87' lang='lat' dir='ltr'>sanguine</span> <span class='ocrx_word' id='word_1_27' title='bbox 1134 360 1260 397; x_wconf 88' lang='lat' dir='ltr'>multo</span> 
     </span>
    </p>

    <p class='ocr_par' dir='ltr' id='par_1_4' title="bbox 237 424 1294 475">
     <span class='ocr_line' id='line_1_5' title="bbox 237 424 1294 475; baseline 0 -12"><span class='ocrx_word' id='word_1_28' title='bbox 237 437 416 475; x_wconf 87' lang='lat' dir='ltr'>spargere</span> <span class='ocrx_word' id='word_1_29' title='bbox 444 424 747 475; x_wconf 86' lang='lat' dir='ltr'>quadrupedum</span> <span class='ocrx_word' id='word_1_30' title='bbox 777 437 850 463; x_wconf 93' lang='lat' dir='ltr'>nec</span> <span class='ocrx_word' id='word_1_31' title='bbox 880 425 979 463; x_wconf 89' lang='lat' dir='ltr'>votis</span> <span class='ocrx_word' id='word_1_32' title='bbox 1008 431 1165 463; x_wconf 88' lang='lat' dir='ltr'>nectere</span> <span class='ocrx_word' id='word_1_33' title='bbox 1194 431 1294 470; x_wconf 84' lang='lat' dir='ltr'>vota,</span> 
     </span>
    </p>

    <p class='ocr_par' dir='ltr' id='par_1_5' title="bbox 237 489 1223 540">
     <span class='ocr_line' id='line_1_6' title="bbox 237 489 1223 540; baseline -0.002 -12"><span class='ocrx_word' id='word_1_34' title='bbox 237 490 307 528; x_wconf 89' lang='lat' dir='ltr'>sed</span> <span class='ocrx_word' id='word_1_35' title='bbox 336 502 449 540; x_wconf 85' lang='lat' dir='ltr'>mage</span> <span class='ocrx_word' id='word_1_36' title='bbox 477 497 616 540; x_wconf 86' lang='lat' dir='ltr'>pacata</span> <span class='ocrx_word' id='word_1_37' title='bbox 643 501 760 538; x_wconf 89' lang='lat' dir='ltr'>posse</span> <span class='ocrx_word' id='word_1_38' title='bbox 789 489 923 528; x_wconf 87' lang='lat' dir='ltr'>omnia</span> <span class='ocrx_word' id='word_1_39' title='bbox 952 496 1085 528; x_wconf 89' lang='lat' dir='ltr'>mente</span> <span class='ocrx_word' id='word_1_40' title='bbox 1114 490 1223 528; x_wconf 87' lang='lat' dir='ltr'>tueri.</span> 
     </span>
    </p>

    <p class='ocr_par' dir='ltr' id='par_1_6' title="bbox 236 553 1253 604">
     <span class='ocr_line' id='line_1_7' title="bbox 236 553 1253 604; baseline -0.002 -11"><span class='ocrx_word' id='word_1_41' title='bbox 236 567 328 593; x_wconf 90' lang='lat' dir='ltr'>nam</span> <span class='ocrx_word' id='word_1_42' title='bbox 358 567 449 593; x_wconf 89' lang='lat' dir='ltr'>cum</span> <span class='ocrx_word' id='word_1_43' title='bbox 479 553 712 604; x_wconf 85' lang='lat' dir='ltr'>suspicimus</span> <span class='ocrx_word' id='word_1_44' title='bbox 743 553 874 604; x_wconf 86' lang='lat' dir='ltr'>magni</span> <span class='ocrx_word' id='word_1_45' title='bbox 903 553 1085 592; x_wconf 88' lang='lat' dir='ltr'>caelestia</span> <span class='ocrx_word' id='word_1_46' title='bbox 1115 554 1253 592; x_wconf 90' lang='lat' dir='ltr'>mundi</span> 
     </span>
    </p>

    <p class='ocr_par' dir='ltr' id='par_1_7' title="bbox 236 618 1566 734">
     <span class='ocr_line' id='line_1_8' title="bbox 236 618 1566 669; baseline 0 -11"><span class='ocrx_word' id='word_1_47' title='bbox 236 620 384 669; x_wconf 90' lang='lat' dir='ltr'>templa</span> <span class='ocrx_word' id='word_1_48' title='bbox 412 632 528 669; x_wconf 89' lang='lat' dir='ltr'>super</span> <span class='ocrx_word' id='word_1_49' title='bbox 557 619 757 669; x_wconf 85' lang='lat' dir='ltr'>stellisque</span> <span class='ocrx_word' id='word_1_50' title='bbox 786 618 1024 657; x_wconf 79' lang='lat' dir='ltr'>micantibus</span> <span class='ocrx_word' id='word_1_51' title='bbox 1054 620 1211 658; x_wconf 81' lang='lat' dir='ltr'>aethera</span> <span class='ocrx_word' id='word_1_52' title='bbox 1236 620 1367 666; x_wconf 82' lang='lat' dir='ltr'>fixum,</span> <span class='ocrx_word' id='word_1_53' title='bbox 1484 636 1566 666; x_wconf 73' lang='lat'>1205</span> 
     </span>
     <span class='ocr_line' id='line_1_9' title="bbox 236 683 1221 734; baseline -0.001 -11"><span class='ocrx_word' id='word_1_54' title='bbox 236 692 274 723; x_wconf 88' lang='lat' dir='ltr'>et</span> <span class='ocrx_word' id='word_1_55' title='bbox 303 684 409 723; x_wconf 89' lang='lat' dir='ltr'>venit</span> <span class='ocrx_word' id='word_1_56' title='bbox 439 685 477 722; x_wconf 88' lang='lat' dir='ltr'>in</span> <span class='ocrx_word' id='word_1_57' title='bbox 508 691 682 723; x_wconf 88' lang='lat' dir='ltr'>mentem</span> <span class='ocrx_word' id='word_1_58' title='bbox 713 683 804 722; x_wconf 85' lang='lat' dir='ltr'>solis</span> <span class='ocrx_word' id='word_1_59' title='bbox 835 685 1031 734; x_wconf 87' lang='lat' dir='ltr'>lunaeque</span> <span class='ocrx_word' id='word_1_60' title='bbox 1060 684 1221 733; x_wconf 87' lang='lat' dir='ltr'>viarum,</span> 
     </span>
    </p>

    <p class='ocr_par' dir='ltr' id='par_1_8' title="bbox 235 748 1176 800">
     <span class='ocr_line' id='line_1_10' title="bbox 235 748 1176 800; baseline 0 -13"><span class='ocrx_word' id='word_1_61' title='bbox 235 756 329 788; x_wconf 87' lang='lat' dir='ltr'>tunc</span> <span class='ocrx_word' id='word_1_62' title='bbox 358 750 442 788; x_wconf 88' lang='lat' dir='ltr'>aliis</span> <span class='ocrx_word' id='word_1_63' title='bbox 471 762 657 800; x_wconf 86' lang='lat' dir='ltr'>oppressa</span> <span class='ocrx_word' id='word_1_64' title='bbox 687 748 797 787; x_wconf 86' lang='lat' dir='ltr'>malis</span> <span class='ocrx_word' id='word_1_65' title='bbox 827 748 867 786; x_wconf 91' lang='lat' dir='ltr'>in</span> <span class='ocrx_word' id='word_1_66' title='bbox 896 756 1055 799; x_wconf 88' lang='lat' dir='ltr'>pectora</span> <span class='ocrx_word' id='word_1_67' title='bbox 1084 763 1176 788; x_wconf 90' lang='lat' dir='ltr'>cura</span> 
     </span>
    </p>

    <p class='ocr_par' dir='ltr' id='par_1_9' title="bbox 235 814 1280 865">
     <span class='ocr_line' id='line_1_11' title="bbox 235 814 1280 865; baseline 0.001 -13"><span class='ocrx_word' id='word_1_68' title='bbox 235 815 299 853; x_wconf 87' lang='lat' dir='ltr'>illa</span> <span class='ocrx_word' id='word_1_69' title='bbox 328 827 488 864; x_wconf 90' lang='lat' dir='ltr'>quoque</span> <span class='ocrx_word' id='word_1_70' title='bbox 517 815 832 864; x_wconf 85' lang='lat' dir='ltr'>expergefactum</span> <span class='ocrx_word' id='word_1_71' title='bbox 862 821 980 863; x_wconf 90' lang='lat' dir='ltr'>caput</span> <span class='ocrx_word' id='word_1_72' title='bbox 1010 814 1155 865; x_wconf 85' lang='lat' dir='ltr'>erigere</span> <span class='ocrx_word' id='word_1_73' title='bbox 1184 814 1280 861; x_wconf 90' lang='lat' dir='ltr'>infit,</span> 
     </span>
    </p>

    <p class='ocr_par' dir='ltr' id='par_1_10' title="bbox 237 878 1241 930">
     <span class='ocr_line' id='line_1_12' title="bbox 237 878 1241 930; baseline -0.001 -11"><span class='ocrx_word' id='word_1_74' title='bbox 237 892 391 930; x_wconf 88' lang='lat' dir='ltr'>nequae</span> <span class='ocrx_word' id='word_1_75' title='bbox 421 880 520 918; x_wconf 89' lang='lat' dir='ltr'>forte</span> <span class='ocrx_word' id='word_1_76' title='bbox 549 880 669 918; x_wconf 89' lang='lat' dir='ltr'>deum</span> <span class='ocrx_word' id='word_1_77' title='bbox 700 879 815 917; x_wconf 88' lang='lat' dir='ltr'>nobis</span> <span class='ocrx_word' id='word_1_78' title='bbox 845 878 1039 917; x_wconf 87' lang='lat' dir='ltr'>immensa</span> <span class='ocrx_word' id='word_1_79' title='bbox 1068 887 1241 929; x_wconf 85' lang='lat' dir='ltr'>potestas</span> 
     </span>
    </p>

    <p class='ocr_par' dir='ltr' id='par_1_11' title="bbox 233 944 1565 1125">
     <span class='ocr_line' id='line_1_13' title="bbox 234 944 1565 994; baseline 0.001 -12"><span class='ocrx_word' id='word_1_80' title='bbox 234 944 292 992; x_wconf 91' lang='lat' dir='ltr'>sit,</span> <span class='ocrx_word' id='word_1_81' title='bbox 325 945 431 983; x_wconf 88' lang='lat' dir='ltr'>vario</span> <span class='ocrx_word' id='word_1_82' title='bbox 461 951 571 983; x_wconf 89' lang='lat' dir='ltr'>motu</span> <span class='ocrx_word' id='word_1_83' title='bbox 601 957 703 994; x_wconf 89' lang='lat' dir='ltr'>quae</span> <span class='ocrx_word' id='word_1_84' title='bbox 732 944 902 983; x_wconf 92' lang='lat' dir='ltr'>candida</span> <span class='ocrx_word' id='word_1_85' title='bbox 932 945 1059 983; x_wconf 89' lang='lat' dir='ltr'>sidera</span> <span class='ocrx_word' id='word_1_86' title='bbox 1088 952 1223 983; x_wconf 88' lang='lat' dir='ltr'>verset.</span> <span class='ocrx_word' id='word_1_87' title='bbox 1484 961 1565 983; x_wconf 86' lang='lat'>1210</span> 
     </span>
     <span class='ocr_line' id='line_1_14' title="bbox 233 1008 1317 1060; baseline -0.001 -12"><span class='ocrx_word' id='word_1_88' title='bbox 233 1017 400 1060; x_wconf 89' lang='lat' dir='ltr'>temptat</span> <span class='ocrx_word' id='word_1_89' title='bbox 430 1009 536 1049; x_wconf 90' lang='lat' dir='ltr'>enim</span> <span class='ocrx_word' id='word_1_90' title='bbox 566 1008 729 1048; x_wconf 91' lang='lat' dir='ltr'>dubiam</span> <span class='ocrx_word' id='word_1_91' title='bbox 759 1017 934 1049; x_wconf 89' lang='lat' dir='ltr'>mentem</span> <span class='ocrx_word' id='word_1_92' title='bbox 965 1009 1124 1048; x_wconf 90' lang='lat' dir='ltr'>rationis</span> <span class='ocrx_word' id='word_1_93' title='bbox 1155 1017 1317 1060; x_wconf 77' lang='lat' dir='ltr'>egestas,</span> 
     </span>
     <span class='ocr_line' id='line_1_15' title="bbox 234 1073 1144 1125; baseline -0.001 -12"><span class='ocrx_word' id='word_1_94' title='bbox 234 1087 476 1125; x_wconf 87' lang='lat' dir='ltr'>ecquaenam</span> <span class='ocrx_word' id='word_1_95' title='bbox 506 1075 620 1114; x_wconf 89' lang='lat' dir='ltr'>fuerit</span> <span class='ocrx_word' id='word_1_96' title='bbox 650 1073 788 1113; x_wconf 86' lang='lat' dir='ltr'>mundi</span> <span class='ocrx_word' id='word_1_97' title='bbox 817 1074 995 1124; x_wconf 85' lang='lat' dir='ltr'>genitalis</span> <span class='ocrx_word' id='word_1_98' title='bbox 1025 1075 1144 1125; x_wconf 89' lang='lat' dir='ltr'>origo,</span> 
     </span>
    </p>

    <p class='ocr_par' dir='ltr' id='par_1_12' title="bbox 233 1139 1320 1190">
     <span class='ocr_line' id='line_1_16' title="bbox 233 1139 1320 1190; baseline -0.001 -11"><span class='ocrx_word' id='word_1_99' title='bbox 233 1147 272 1179; x_wconf 92' lang='lat' dir='ltr'>et</span> <span class='ocrx_word' id='word_1_100' title='bbox 301 1141 415 1179; x_wconf 91' lang='lat' dir='ltr'>simul</span> <span class='ocrx_word' id='word_1_101' title='bbox 445 1153 594 1190; x_wconf 90' lang='lat' dir='ltr'>ecquae</span> <span class='ocrx_word' id='word_1_102' title='bbox 624 1139 671 1178; x_wconf 90' lang='lat' dir='ltr'>sit</span> <span class='ocrx_word' id='word_1_103' title='bbox 702 1141 800 1186; x_wconf 87' lang='lat' dir='ltr'>finis,</span> <span class='ocrx_word' id='word_1_104' title='bbox 832 1141 965 1190; x_wconf 91' lang='lat' dir='ltr'>quoad</span> <span class='ocrx_word' id='word_1_105' title='bbox 996 1140 1153 1179; x_wconf 89' lang='lat' dir='ltr'>moenia</span> <span class='ocrx_word' id='word_1_106' title='bbox 1182 1141 1320 1179; x_wconf 89' lang='lat' dir='ltr'>mundi</span> 
     </span>
    </p>

    <p class='ocr_par' dir='ltr' id='par_1_13' title="bbox 234 1205 1210 1255">
     <span class='ocr_line' id='line_1_17' title="bbox 234 1205 1210 1255; baseline 0 -11"><span class='ocrx_word' id='word_1_107' title='bbox 234 1205 388 1245; x_wconf 85' lang='lat' dir='ltr'>solliciti</span> <span class='ocrx_word' id='word_1_108' title='bbox 418 1212 549 1244; x_wconf 90' lang='lat' dir='ltr'>motus</span> <span class='ocrx_word' id='word_1_109' title='bbox 579 1206 686 1244; x_wconf 87' lang='lat' dir='ltr'>hunc</span> <span class='ocrx_word' id='word_1_110' title='bbox 715 1206 867 1255; x_wconf 86' lang='lat' dir='ltr'>possint</span> <span class='ocrx_word' id='word_1_111' title='bbox 897 1206 994 1244; x_wconf 84' lang='lat' dir='ltr'>ferre</span> <span class='ocrx_word' id='word_1_112' title='bbox 1023 1205 1210 1253; x_wconf 87' lang='lat' dir='ltr'>laborem,</span> 
     </span>
    </p>

    <p class='ocr_par' dir='ltr' id='par_1_14' title="bbox 233 1270 1562 1386">
     <span class='ocr_line' id='line_1_18' title="bbox 233 1270 1562 1317; baseline -0.001 -8"><span class='ocrx_word' id='word_1_113' title='bbox 233 1284 283 1309; x_wconf 90' lang='lat' dir='ltr'>an</span> <span class='ocrx_word' id='word_1_114' title='bbox 313 1270 500 1310; x_wconf 88' lang='lat' dir='ltr'>divinitus</span> <span class='ocrx_word' id='word_1_115' title='bbox 529 1277 686 1309; x_wconf 89' lang='lat' dir='ltr'>aeterna</span> <span class='ocrx_word' id='word_1_116' title='bbox 716 1271 863 1309; x_wconf 88' lang='lat' dir='ltr'>donata</span> <span class='ocrx_word' id='word_1_117' title='bbox 894 1271 1018 1309; x_wconf 90' lang='lat' dir='ltr'>salute</span> <span class='ocrx_word' id='word_1_118' title='bbox 1480 1286 1562 1317; x_wconf 79' lang='lat'>1215</span> 
     </span>
     <span class='ocr_line' id='line_1_19' title="bbox 234 1336 1073 1386; baseline 0 -12"><span class='ocrx_word' id='word_1_119' title='bbox 234 1343 423 1386; x_wconf 85' lang='lat' dir='ltr'>perpetuo</span> <span class='ocrx_word' id='word_1_120' title='bbox 453 1337 605 1386; x_wconf 85' lang='lat' dir='ltr'>possint</span> <span class='ocrx_word' id='word_1_121' title='bbox 633 1336 717 1374; x_wconf 88' lang='lat' dir='ltr'>aevi</span> <span class='ocrx_word' id='word_1_122' title='bbox 748 1336 920 1375; x_wconf 90' lang='lat' dir='ltr'>labentia</span> <span class='ocrx_word' id='word_1_123' title='bbox 949 1343 1073 1374; x_wconf 89' lang='lat' dir='ltr'>tractu</span> 
     </span>
    </p>

    <p class='ocr_par' dir='ltr' id='par_1_15' title="bbox 233 1400 1120 1441">
     <span class='ocr_line' id='line_1_20' title="bbox 233 1400 1120 1441; baseline 0 -2"><span class='ocrx_word' id='word_1_124' title='bbox 233 1400 415 1440; x_wconf 87' lang='lat' dir='ltr'>immensi</span> <span class='ocrx_word' id='word_1_125' title='bbox 445 1400 592 1439; x_wconf 89' lang='lat' dir='ltr'>validas</span> <span class='ocrx_word' id='word_1_126' title='bbox 622 1402 707 1440; x_wconf 90' lang='lat' dir='ltr'>aevi</span> <span class='ocrx_word' id='word_1_127' title='bbox 735 1408 991 1441; x_wconf 86' lang='lat' dir='ltr'>contemnere</span> <span class='ocrx_word' id='word_1_128' title='bbox 1020 1402 1120 1439; x_wconf 90' lang='lat' dir='ltr'>viris.</span> 
     </span>
    </p>

    <p class='ocr_par' dir='ltr' id='par_1_16' title="bbox 233 1465 1219 1516">
     <span class='ocr_line' id='line_1_21' title="bbox 233 1465 1219 1516; baseline 0 -12"><span class='ocrx_word' id='word_1_129' title='bbox 233 1474 431 1516; x_wconf 89' lang='lat' dir='ltr'>praeterea</span> <span class='ocrx_word' id='word_1_130' title='bbox 460 1465 523 1504; x_wconf 91' lang='lat' dir='ltr'>cui</span> <span class='ocrx_word' id='word_1_131' title='bbox 552 1479 633 1505; x_wconf 90' lang='lat' dir='ltr'>non</span> <span class='ocrx_word' id='word_1_132' title='bbox 662 1465 817 1504; x_wconf 89' lang='lat' dir='ltr'>animus</span> <span class='ocrx_word' id='word_1_133' title='bbox 846 1467 1056 1505; x_wconf 90' lang='lat' dir='ltr'>formidine</span> <span class='ocrx_word' id='word_1_134' title='bbox 1085 1466 1219 1505; x_wconf 86' lang='lat' dir='ltr'>divum</span> 
     </span>
    </p>

    <p class='ocr_par' dir='ltr' id='par_1_17' title="bbox 231 1530 1318 1581">
     <span class='ocr_line' id='line_1_22' title="bbox 231 1530 1318 1581; baseline 0 -12"><span class='ocrx_word' id='word_1_135' title='bbox 231 1532 484 1578; x_wconf 88' lang='lat' dir='ltr'>contrahitur,</span> <span class='ocrx_word' id='word_1_136' title='bbox 516 1530 579 1569; x_wconf 92' lang='lat' dir='ltr'>cui</span> <span class='ocrx_word' id='word_1_137' title='bbox 608 1543 689 1569; x_wconf 91' lang='lat' dir='ltr'>non</span> <span class='ocrx_word' id='word_1_138' title='bbox 718 1539 929 1581; x_wconf 89' lang='lat' dir='ltr'>correpunt</span> <span class='ocrx_word' id='word_1_139' title='bbox 959 1530 1135 1570; x_wconf 89' lang='lat' dir='ltr'>membra</span> <span class='ocrx_word' id='word_1_140' title='bbox 1164 1544 1318 1581; x_wconf 84' lang='lat' dir='ltr'>pavore,</span> 
     </span>
    </p>

    <p class='ocr_par' dir='ltr' id='par_1_18' title="bbox 232 1595 1563 1712">
     <span class='ocr_line' id='line_1_23' title="bbox 233 1595 1563 1647; baseline 0.001 -13"><span class='ocrx_word' id='word_1_141' title='bbox 233 1597 406 1636; x_wconf 90' lang='lat' dir='ltr'>fulminis</span> <span class='ocrx_word' id='word_1_142' title='bbox 436 1595 611 1635; x_wconf 89' lang='lat' dir='ltr'>horribili</span> <span class='ocrx_word' id='word_1_143' title='bbox 640 1608 731 1634; x_wconf 90' lang='lat' dir='ltr'>cum</span> <span class='ocrx_word' id='word_1_144' title='bbox 760 1597 875 1647; x_wconf 83' lang='lat' dir='ltr'>plaga</span> <span class='ocrx_word' id='word_1_145' title='bbox 904 1597 1049 1636; x_wconf 88' lang='lat' dir='ltr'>torrida</span> <span class='ocrx_word' id='word_1_146' title='bbox 1078 1598 1192 1635; x_wconf 86' lang='lat' dir='ltr'>tellus</span> <span class='ocrx_word' id='word_1_147' title='bbox 1479 1613 1563 1635; x_wconf 87' lang='lat'><em>1220</em></span> 
     </span>
     <span class='ocr_line' id='line_1_24' title="bbox 232 1662 1428 1712; baseline 0 -13"><span class='ocrx_word' id='word_1_148' title='bbox 232 1662 442 1700; x_wconf 90' lang='lat' dir='ltr'>contremit</span> <span class='ocrx_word' id='word_1_149' title='bbox 471 1669 509 1700; x_wconf 91' lang='lat' dir='ltr'>et</span> <span class='ocrx_word' id='word_1_150' title='bbox 538 1674 725 1711; x_wconf 88' lang='lat' dir='ltr'>magnum</span> <span class='ocrx_word' id='word_1_151' title='bbox 756 1669 986 1712; x_wconf 84' lang='lat' dir='ltr'>percurrunt</span> <span class='ocrx_word' id='word_1_152' title='bbox 1018 1675 1215 1700; x_wconf 88' lang='lat' dir='ltr'>murmura</span> <span class='ocrx_word' id='word_1_153' title='bbox 1244 1663 1428 1700; x_wconf 88' lang='lat' dir='ltr'>caelum?</span> 
     </span>
    </p>

    <p class='ocr_par' dir='ltr' id='par_1_19' title="bbox 231 1726 1340 1842">
     <span class='ocr_line' id='line_1_25' title="bbox 233 1726 1340 1777; baseline -0.001 -12"><span class='ocrx_word' id='word_1_154' title='bbox 233 1739 313 1765; x_wconf 91' lang='lat' dir='ltr'>non</span> <span class='ocrx_word' id='word_1_155' title='bbox 341 1726 478 1777; x_wconf 89' lang='lat' dir='ltr'>populi</span> <span class='ocrx_word' id='word_1_156' title='bbox 506 1732 723 1776; x_wconf 87' lang='lat' dir='ltr'>gentesque</span> <span class='ocrx_word' id='word_1_157' title='bbox 752 1734 934 1774; x_wconf 89' lang='lat' dir='ltr'>tremunt,</span> <span class='ocrx_word' id='word_1_158' title='bbox 966 1740 1155 1777; x_wconf 88' lang='lat' dir='ltr'>regesque</span> <span class='ocrx_word' id='word_1_159' title='bbox 1184 1727 1340 1777; x_wconf 88' lang='lat' dir='ltr'>superbi</span> 
     </span>
     <span class='ocr_line' id='line_1_26' title="bbox 231 1791 1198 1842; baseline 0.001 -13"><span class='ocrx_word' id='word_1_160' title='bbox 231 1791 446 1842; x_wconf 90' lang='lat' dir='ltr'>corripiunt</span> <span class='ocrx_word' id='word_1_161' title='bbox 474 1792 609 1830; x_wconf 89' lang='lat' dir='ltr'>divum</span> <span class='ocrx_word' id='word_1_162' title='bbox 639 1793 812 1841; x_wconf 72' lang='lat' dir='ltr'>percussi</span> <span class='ocrx_word' id='word_1_163' title='bbox 842 1793 1019 1830; x_wconf 88' lang='lat' dir='ltr'>membra</span> <span class='ocrx_word' id='word_1_164' title='bbox 1048 1792 1198 1839; x_wconf 90' lang='lat' dir='ltr'>timore,</span> 
     </span>
    </p>

    <p class='ocr_par' dir='ltr' id='par_1_20' title="bbox 232 1856 1281 1907">
     <span class='ocr_line' id='line_1_27' title="bbox 232 1856 1281 1907; baseline 0.001 -13"><span class='ocrx_word' id='word_1_165' title='bbox 232 1857 380 1907; x_wconf 90' lang='lat' dir='ltr'>nequid</span> <span class='ocrx_word' id='word_1_166' title='bbox 409 1857 462 1895; x_wconf 92' lang='lat' dir='ltr'>ob</span> <span class='ocrx_word' id='word_1_167' title='bbox 490 1856 708 1895; x_wconf 87' lang='lat' dir='ltr'>admissum</span> <span class='ocrx_word' id='word_1_168' title='bbox 738 1857 854 1895; x_wconf 88' lang='lat' dir='ltr'>foede</span> <span class='ocrx_word' id='word_1_169' title='bbox 883 1857 1084 1896; x_wconf 85' lang='lat' dir='ltr'>dictumve</span> <span class='ocrx_word' id='word_1_170' title='bbox 1113 1857 1281 1907; x_wconf 87' lang='lat' dir='ltr'>superbe</span> 
     </span>
    </p>

    <p class='ocr_par' dir='ltr' id='par_1_21' title="bbox 230 1920 1559 2103">
     <span class='ocr_line' id='line_1_28' title="bbox 230 1920 1559 1972; baseline 0 -12"><span class='ocrx_word' id='word_1_171' title='bbox 230 1934 446 1972; x_wconf 88' lang='lat' dir='ltr'>poenarum</span> <span class='ocrx_word' id='word_1_172' title='bbox 475 1934 590 1971; x_wconf 84' lang='lat' dir='ltr'>grave</span> <span class='ocrx_word' id='word_1_173' title='bbox 619 1920 667 1959; x_wconf 88' lang='lat' dir='ltr'>sit</span> <span class='ocrx_word' id='word_1_174' title='bbox 696 1922 875 1960; x_wconf 89' lang='lat' dir='ltr'>solvendi</span> <span class='ocrx_word' id='word_1_175' title='bbox 904 1930 1060 1972; x_wconf 90' lang='lat' dir='ltr'>tempus</span> <span class='ocrx_word' id='word_1_176' title='bbox 1087 1923 1299 1961; x_wconf 85' lang='lat' dir='ltr'>adultum?</span> <span class='ocrx_word' id='word_1_177' title='bbox 1478 1938 1559 1971; x_wconf 78' lang='lat'><strong>1225</strong></span> 
     </span>
     <span class='ocr_line' id='line_1_29' title="bbox 231 1986 1295 2038; baseline 0.001 -13"><span class='ocrx_word' id='word_1_178' title='bbox 231 1999 385 2025; x_wconf 89' lang='lat' dir='ltr'>summa</span> <span class='ocrx_word' id='word_1_179' title='bbox 414 1987 532 2025; x_wconf 89' lang='lat' dir='ltr'>etiam</span> <span class='ocrx_word' id='word_1_180' title='bbox 561 1999 652 2024; x_wconf 90' lang='lat' dir='ltr'>curn</span> <span class='ocrx_word' id='word_1_181' title='bbox 681 1986 738 2025; x_wconf 88' lang='lat' dir='ltr'>vis</span> <span class='ocrx_word' id='word_1_182' title='bbox 768 1987 929 2026; x_wconf 88' lang='lat' dir='ltr'>violenti</span> <span class='ocrx_word' id='word_1_183' title='bbox 958 2001 1026 2038; x_wconf 93' lang='lat' dir='ltr'>per</span> <span class='ocrx_word' id='word_1_184' title='bbox 1055 2001 1161 2026; x_wconf 87' lang='lat' dir='ltr'>mare</span> <span class='ocrx_word' id='word_1_185' title='bbox 1190 1987 1295 2026; x_wconf 87' lang='lat' dir='ltr'>venti</span> 
     </span>
     <span class='ocr_line' id='line_1_30' title="bbox 230 2051 1201 2103; baseline 0.002 -14"><span class='ocrx_word' id='word_1_186' title='bbox 230 2053 549 2102; x_wconf 87' lang='lat' dir='ltr'>induperatorem</span> <span class='ocrx_word' id='word_1_187' title='bbox 579 2051 712 2090; x_wconf 87' lang='lat' dir='ltr'>classis</span> <span class='ocrx_word' id='word_1_188' title='bbox 742 2065 858 2102; x_wconf 90' lang='lat' dir='ltr'>super</span> <span class='ocrx_word' id='word_1_189' title='bbox 885 2065 1057 2103; x_wconf 87' lang='lat' dir='ltr'>aequora</span> <span class='ocrx_word' id='word_1_190' title='bbox 1086 2054 1201 2091; x_wconf 89' lang='lat' dir='ltr'>verrit</span> 
     </span>
    </p>

    <p class='ocr_par' dir='ltr' id='par_1_22' title="bbox 230 2116 1317 2168">
     <span class='ocr_line' id='line_1_31' title="bbox 230 2116 1317 2168; baseline 0.001 -13"><span class='ocrx_word' id='word_1_191' title='bbox 230 2130 321 2155; x_wconf 90' lang='lat' dir='ltr'>cum</span> <span class='ocrx_word' id='word_1_192' title='bbox 351 2116 488 2156; x_wconf 89' lang='lat' dir='ltr'>validis</span> <span class='ocrx_word' id='word_1_193' title='bbox 517 2116 659 2167; x_wconf 90' lang='lat' dir='ltr'>pariter</span> <span class='ocrx_word' id='word_1_194' title='bbox 687 2118 908 2167; x_wconf 84' lang='lat' dir='ltr'>legionibus</span> <span class='ocrx_word' id='word_1_195' title='bbox 937 2125 1056 2168; x_wconf 91' lang='lat' dir='ltr'>atque</span> <span class='ocrx_word' id='word_1_196' title='bbox 1085 2119 1317 2168; x_wconf 46' lang='lat' dir='ltr'>elephantis)</span> 
     </span>
    </p>

    <p class='ocr_par' dir='ltr' id='par_1_23' title="bbox 231 2182 1284 2234">
     <span class='ocr_line' id='line_1_32' title="bbox 231 2182 1284 2234; baseline 0.002 -14"><span class='ocrx_word' id='word_1_197' title='bbox 231 2195 311 2220; x_wconf 91' lang='lat' dir='ltr'>non</span> <span class='ocrx_word' id='word_1_198' title='bbox 340 2183 475 2222; x_wconf 88' lang='lat' dir='ltr'>divum</span> <span class='ocrx_word' id='word_1_199' title='bbox 504 2195 644 2233; x_wconf 88' lang='lat' dir='ltr'>pacem</span> <span class='ocrx_word' id='word_1_200' title='bbox 673 2182 773 2221; x_wconf 91' lang='lat' dir='ltr'>votis</span> <span class='ocrx_word' id='word_1_201' title='bbox 802 2184 884 2222; x_wconf 90' lang='lat' dir='ltr'>adit</span> <span class='ocrx_word' id='word_1_202' title='bbox 912 2196 959 2222; x_wconf 90' lang='lat' dir='ltr'>ac</span> <span class='ocrx_word' id='word_1_203' title='bbox 988 2196 1103 2234; x_wconf 90' lang='lat' dir='ltr'>prece</span> <span class='ocrx_word' id='word_1_204' title='bbox 1132 2184 1284 2234; x_wconf 88' lang='lat' dir='ltr'>quaesit</span> 
     </span>
    </p>

    <p class='ocr_par' dir='ltr' id='par_1_24' title="bbox 230 2247 1560 2363">
     <span class='ocr_line' id='line_1_33' title="bbox 230 2247 1560 2298; baseline 0 -13"><span class='ocrx_word' id='word_1_205' title='bbox 230 2254 436 2286; x_wconf 90' lang='lat' dir='ltr'>ventorum</span> <span class='ocrx_word' id='word_1_206' title='bbox 465 2248 630 2297; x_wconf 89' lang='lat' dir='ltr'>pavidus</span> <span class='ocrx_word' id='word_1_207' title='bbox 660 2260 776 2298; x_wconf 89' lang='lat' dir='ltr'>paces</span> <span class='ocrx_word' id='word_1_208' title='bbox 805 2247 1038 2298; x_wconf 87' lang='lat' dir='ltr'>animasque</span> <span class='ocrx_word' id='word_1_209' title='bbox 1067 2249 1272 2294; x_wconf 89' lang='lat' dir='ltr'>secundas,</span> <span class='ocrx_word' id='word_1_210' title='bbox 1478 2262 1560 2293; x_wconf 74' lang='lat'>1230</span> 
     </span>
     <span class='ocr_line' id='line_1_34' title="bbox 231 2312 1239 2363; baseline 0.001 -12"><span class='ocrx_word' id='word_1_211' title='bbox 231 2312 483 2363; x_wconf 84' lang='lat' dir='ltr'>nequiquam,</span> <span class='ocrx_word' id='word_1_212' title='bbox 515 2313 704 2363; x_wconf 87' lang='lat' dir='ltr'>quoniam</span> <span class='ocrx_word' id='word_1_213' title='bbox 733 2312 908 2352; x_wconf 88' lang='lat' dir='ltr'>violento</span> <span class='ocrx_word' id='word_1_214' title='bbox 937 2314 1093 2352; x_wconf 88' lang='lat' dir='ltr'>turbine</span> <span class='ocrx_word' id='word_1_215' title='bbox 1123 2326 1239 2363; x_wconf 87' lang='lat' dir='ltr'>saepe</span> 
     </span>
    </p>

    <p class='ocr_par' dir='ltr' id='par_1_25' title="bbox 229 2378 1177 2428">
     <span class='ocr_line' id='line_1_35' title="bbox 229 2378 1177 2428; baseline -0.001 -12"><span class='ocrx_word' id='word_1_216' title='bbox 229 2384 429 2428; x_wconf 90' lang='lat' dir='ltr'>correptus</span> <span class='ocrx_word' id='word_1_217' title='bbox 458 2378 539 2416; x_wconf 86' lang='lat' dir='ltr'>nilo</span> <span class='ocrx_word' id='word_1_218' title='bbox 568 2378 686 2416; x_wconf 87' lang='lat' dir='ltr'>fertur</span> <span class='ocrx_word' id='word_1_219' title='bbox 714 2378 844 2417; x_wconf 88' lang='lat' dir='ltr'>minus</span> <span class='ocrx_word' id='word_1_220' title='bbox 873 2378 924 2417; x_wconf 91' lang='lat' dir='ltr'>ad</span> <span class='ocrx_word' id='word_1_221' title='bbox 953 2378 1052 2416; x_wconf 89' lang='lat' dir='ltr'>vada</span> <span class='ocrx_word' id='word_1_222' title='bbox 1081 2378 1177 2416; x_wconf 88' lang='lat' dir='ltr'>leti?</span> 
     </span>
    </p>

    <p class='ocr_par' dir='ltr' id='par_1_26' title="bbox 231 2443 1269 2493">
     <span class='ocr_line' id='line_1_36' title="bbox 231 2443 1269 2493; baseline 0.001 -13"><span class='ocrx_word' id='word_1_223' title='bbox 231 2455 354 2493; x_wconf 88' lang='lat' dir='ltr'>usque</span> <span class='ocrx_word' id='word_1_224' title='bbox 382 2443 483 2481; x_wconf 87' lang='lat' dir='ltr'>adeo</span> <span class='ocrx_word' id='word_1_225' title='bbox 513 2456 571 2480; x_wconf 91' lang='lat' dir='ltr'>res</span> <span class='ocrx_word' id='word_1_226' title='bbox 601 2444 795 2482; x_wconf 82' lang='lat' dir='ltr'>humanas</span> <span class='ocrx_word' id='word_1_227' title='bbox 825 2443 882 2481; x_wconf 90' lang='lat' dir='ltr'>vis</span> <span class='ocrx_word' id='word_1_228' title='bbox 910 2443 1045 2482; x_wconf 88' lang='lat' dir='ltr'>abdita</span> <span class='ocrx_word' id='word_1_229' title='bbox 1074 2443 1269 2493; x_wconf 86' lang='lat' dir='ltr'>quaedam</span> 
     </span>
    </p>
   </div>
   <div class='ocr_carea' id='block_1_3' title="bbox 869 2521 916 2556">
    <p class='ocr_par' dir='ltr' id='par_1_27' title="bbox 869 2521 916 2556">
     <span class='ocr_line' id='line_1_37' title="bbox 869 2521 916 2556; baseline 0 0"><span class='ocrx_word' id='word_1_230' title='bbox 869 2521 916 2556; x_wconf 78' lang='lat'>23</span> 
     </span>
    </p>
   </div>
  </div>
 </body>
</html>
