1747 2796
225 157 270 193 T.
304 155 550 195 LVCRETI
582 155 717 194 CARI

225 272 298 297 nec
327 258 478 297 ratione
507 258 650 297 docere
679 258 757 296 ulla
786 257 1030 308 suadereque
1058 257 1197 305 surdis,

225 323 321 374 quid
351 323 399 362 sit
428 336 527 374 opus
556 324 671 370 facto,
703 321 852 361 facilest
866 336 877 371 3
914 336 1044 374 neque
1073 322 1178 362 enim
1207 329 1431 374 paterentur

224 402 298 428 nec
327 388 477 428 ratione
506 389 584 427 ulla
613 387 687 427 sibi
715 389 858 428 ferrent
886 388 1055 439 amplius
1083 388 1186 427 auris

224 453 331 492 vocis
361 453 558 493 inauditos
588 452 738 492 sonitus
768 453 988 492 obtundere
1018 455 1166 492 frustra.
1471 468 1550 501 1055

225 527 425 569 postremo
455 518 551 569 quid
580 517 620 556 in
650 519 724 557 hac
754 517 931 557 mirabile
961 526 1202 569 tantoperest
1231 532 1281 566 re,

225 583 255 622 si
284 597 408 634 genus
437 584 669 630 humanum,
701 581 764 621 cui
793 596 868 622 vox
897 590 935 621 et
965 582 1097 634 lingua
1125 583 1286 634 vigeret,

225 662 295 699 pro
324 648 430 688 vario
461 661 577 687 sensu
607 647 712 686 varia
740 660 799 686 res
829 660 926 686 voce
955 650 1138 687 notaret?

225 727 315 752 cum
345 714 518 764 pecudes
546 721 688 761 mutae,
720 726 811 752 cum
841 712 1014 763 denique
1043 715 1171 752 saecla
1201 715 1366 753 ferarum

225 778 424 818 dissimilis
454 780 606 817 soleant
635 790 752 816 voces
783 776 986 828 variasque
1016 777 1131 826 ciere,
1470 783 1555 816 1060

225 858 315 883 cum
346 851 473 882 metus
502 851 569 881 aut
599 844 712 882 dolor
742 849 799 881 est
830 850 867 881 et
897 855 987 881 cum
1018 842 1095 881 iam
1125 842 1267 893 gaudia
1295 842 1475 893 gliscunt.

225 909 371 960 quippe
401 908 547 947 etenim
577 907 666 946 licet
696 907 735 946 id
766 908 882 946 rebus
911 921 1149 958 cognoscere
1178 908 1332 959 apertis.

225 974 369 1013 irritata
397 987 540 1013 canum
570 987 661 1012 cum
691 972 861 1024 primum
892 986 1033 1023 magna
1064 975 1285 1013 Molossum

226 1039 359 1077 mollia
387 1039 482 1078 ricta
511 1041 682 1078 fremunt
711 1039 830 1077 duros
860 1038 1051 1077 nudantia
1080 1039 1220 1086 dentis,

225 1105 340 1155 longe
369 1104 446 1143 alio
475 1104 605 1143 sonitu
635 1103 742 1142 rabie
771 1103 945 1141 restricta
974 1103 1182 1151 minantur,
1473 1110 1556 1152 1065

225 1177 262 1208 et
292 1183 383 1208 cum
412 1169 490 1208 iam
519 1171 659 1207 latrant
689 1175 727 1207 et
756 1168 919 1207 vocibus
950 1168 1083 1207 onmia
1112 1170 1324 1219 complent.

225 1241 262 1272 et
292 1235 442 1273 catulos
473 1235 617 1273 blande
647 1247 737 1272 curn
767 1232 900 1283 lingua
928 1233 1100 1272 lambere
1130 1241 1323 1284 temptant

226 1307 290 1337 aut
321 1299 388 1338 ubi
418 1313 485 1338 eos
515 1299 661 1338 iactant
690 1298 858 1349 pedibus
889 1311 1101 1349 morsuque
1131 1306 1309 1349 petentes

226 1364 424 1415 suspensis
454 1372 609 1404 teneros
640 1364 840 1402 imitantur
869 1363 1055 1403 dentibus
1085 1365 1258 1411 haustus,

226 1431 340 1481 longe
369 1430 446 1469 alio
476 1437 593 1481 pacto
622 1428 784 1480 gannitu
814 1428 921 1468 vocis
950 1429 1124 1476 adulant,
1474 1443 1559 1478 1070

226 1502 263 1534 et
293 1508 383 1534 cum
413 1494 557 1534 deserti
587 1495 810 1533 baubantur
839 1493 877 1531 in
907 1493 1073 1533 aedibus
1101 1502 1168 1532 aut
1197 1507 1287 1533 curn

226 1561 424 1611 plorantes
454 1559 606 1610 fugiunt
636 1558 846 1598 summisso
876 1571 1039 1608 corpore
1069 1560 1213 1610 plagas.

226 1625 399 1675 denique
429 1638 508 1664 non
539 1624 714 1662 hinnitus
744 1624 837 1663 item
868 1623 1020 1662 differre
1050 1623 1213 1671 videtur,

227 1689 326 1728 inter
355 1703 476 1740 equas
505 1689 573 1728 ubi
603 1702 727 1739 equus
757 1688 910 1728 florenti
940 1696 1067 1728 aetate
1098 1688 1286 1728 iuvencus

227 1754 418 1805 pinnigeri
448 1755 569 1793 saevit
599 1753 815 1793 calcaribus
845 1754 944 1792 ictus
973 1753 1117 1792 amoris
1474 1768 1557 1803 1075

227 1828 265 1858 et
294 1820 491 1858 fremitum
521 1819 664 1870 patulis
694 1819 768 1857 sub
798 1819 957 1858 naribus
987 1819 1068 1858 edit
1096 1820 1147 1858 ad
1176 1832 1295 1866 arma,

228 1893 265 1924 et
294 1898 385 1924 cum
415 1885 471 1923 sic
499 1884 594 1923 alias
624 1884 826 1923 concussis
855 1884 1016 1922 artubus
1046 1883 1204 1922 hinnit?

227 1958 427 2000 postremo
456 1963 580 2000 genus
609 1949 775 1988 alituum
806 1949 1013 2000 variaeque
1043 1951 1233 1997 volucres,

227 2015 432 2066 accipitres
460 2016 584 2065 atque‘
609 2014 818 2064 ossifragae
848 2014 1048 2064 mergique
1078 2013 1236 2052 marinis

228 2080 412 2119 fluctibus
442 2080 481 2117 in
511 2081 613 2118 salso
642 2079 789 2118 victum
820 2079 1019 2130 vitamque
1048 2086 1238 2129 petentes,
1476 2086 1559 2118 1080

227 2147 343 2196 longe
372 2145 466 2184 alias
496 2145 572 2183 alio
602 2145 748 2183 iaciunt
778 2145 817 2182 in
847 2152 1024 2195 tempore
1052 2157 1179 2191 voces,

229 2218 267 2249 et
296 2224 387 2249 cum
417 2211 466 2249 de
496 2210 601 2248 victu
632 2217 781 2249 certant
811 2210 1059 2260 praedaeque
1088 2217 1318 2260 repugnant.

229 2283 266 2315 et
295 2275 434 2326 partim
466 2282 620 2314 mutant
650 2288 742 2314 cum
771 2275 1072 2326 tempestatibus
1102 2288 1181 2313 una

230 2341 456 2380 raucisonos
486 2348 635 2388 cantus,
667 2340 870 2380 cornicum
900 2348 942 2379 ut
972 2341 1100 2379 saecla
1129 2347 1281 2379 vetusta

229 2419 515 2456 corvorumque
544 2419 679 2456 greges
709 2405 776 2444 ubi
805 2418 948 2456 aquam
980 2404 1164 2444 dicuntur
1193 2412 1231 2444 et
1261 2404 1396 2444 imbris
1474 2412 1558 2455 1085

230 2484 392 2521 poscere
421 2479 458 2510 et
488 2470 684 2510 interdum
715 2478 853 2510 ventos
883 2483 1075 2521 aurasque
1105 2483 1254 2509 vocare.

873 2538 918 2573 18
