1747 2796
212 115 257 153 T.
292 115 536 153 LVCRETI
568 115 703 154 CARI

213 218 431 257 miscebant
460 219 601 257 fluctus
631 225 669 258 et
698 219 857 258 vulnera
886 225 994 258 vasta
1024 218 1204 257 serebant
1458 234 1540 266 1290

211 291 249 322 et
279 296 399 334 pecus
427 290 547 333 atque
574 296 687 333 agros
715 283 955 322 adimebant.
1015 297 1107 322 nam
1137 283 1250 322 facile
1279 284 1366 322 ollis

211 347 344 387 omnia
374 348 569 387 cedebant
598 348 755 387 armatis
785 349 892 387 nuda
921 356 959 387 et
990 348 1148 387 inerma.

211 413 303 452 inde
334 412 557 451 minutatim
587 412 775 463 processit
805 414 951 452 ferreus
981 412 1084 452 ensis

211 490 401 528 versaque
430 477 470 516 in
501 479 757 527 opprobrium
788 478 938 528 species
968 486 1025 516 est
1055 479 1163 516 falcis
1193 490 1330 526 aenae,

210 549 248 580 et
277 544 377 581 ferro
407 555 573 592 coepere
603 545 730 582 solum
760 543 1012 593 proscindere
1041 550 1164 581 terrae
1455 558 1534 590 ¹295

210 615 504 658 exaequataque
534 615 625 647 sunt
654 609 801 659 creperi
831 608 1044 647 certamina
1072 608 1176 647 belli.

210 680 248 711 et
277 674 382 723 prius
411 681 469 712 est
498 681 691 712 armatum
722 673 761 711 in
791 674 881 723 equi
912 674 1179 712 conscendere
1208 680 1337 712 costas

210 744 247 775 et
278 738 514 777 moderarier
543 739 649 776 hunc
678 738 796 776 frenis
826 739 1039 788 dextraque
1069 738 1197 787 vigere

210 815 329 852 quam
359 802 493 853 biiugo
523 816 637 841 curru
666 802 759 841 belli
789 810 980 853 temptare
1009 802 1164 853 pericla.

209 876 247 906 et
277 868 430 919 biiugos
459 868 565 919 prius
595 875 653 907 est
682 881 801 919 quam
832 868 891 906 bis
921 867 1160 918 coniungere
1191 868 1305 906 binos
1459 883 1538 913 1300

209 940 247 971 et
277 947 395 983 quarn
425 933 618 972 falciferos
647 941 840 971 armatum
871 934 1082 972 escendere
1112 946 1256 971 currus.

209 1000 302 1038 inde
332 999 453 1037 boves
483 1000 590 1037 lucas
619 997 756 1037 turrito
785 1011 960 1048 corpore,
992 1005 1143 1045 taetraS,

208 1063 480 1114 anguimanus,
512 1064 603 1102 belli
632 1065 852 1103 docuerunt
882 1065 1041 1102 vulnera
1073 1063 1195 1102 Poeni

210 1131 367 1168 sufferre
397 1137 434 1168 et
465 1142 625 1180 magnas
656 1130 795 1167 Martis
824 1129 980 1167 turbare
1009 1136 1194 1167 catervaS.

210 1194 264 1233 sic
293 1194 372 1234 alid
401 1208 448 1234 ex
477 1196 554 1233 alio
583 1195 733 1244 peperit
762 1193 958 1233 discordia
987 1194 1118 1241 tristis,
1457 1208 1538 1241 1305

209 1260 394 1299 horribile
424 1260 607 1299 humanis
636 1261 744 1310 quod
774 1259 957 1310 gentibus
987 1266 1089 1298 esset
1122 1259 1162 1297 in
1191 1260 1319 1305 armis,

210 1326 329 1376 inque
359 1326 442 1365 dies
472 1326 564 1364 belli
594 1325 804 1364 terroribus
833 1325 987 1364 addidit
1018 1338 1199 1375 augmen.

257 1424 292 1459 A
298 1425 331 1459 ll
360 1429 456 1460 sorls
488 1425 537 1469 of
558 1425 655 1460 wild
677 1425 841 1459 anz'mals
871 1435 966 1459 were
993 1425 1146 1459 trained
1157 1425 1234 1469 for
1264 1435 1359 1466 war,
1388 1423 1453 1458 but
1478 1423 1538 1458 the

209 1475 384 1517 attempts
409 1483 506 1506 were
531 1471 794 1517 unsuccessjful,
820 1483 862 1506 as
892 1472 951 1506 tlte
976 1472 1093 1506 beasts
1117 1472 1225 1506 made
1248 1483 1296 1505 φιτ)
1321 1471 1538 1506 distinction

208 1519 363 1553 between
378 1519 519 1564 friend
540 1519 700 1565 andfoe
716 1520 756 1553 in
782 1518 842 1553 tlte
855 1519 958 1564 smy
976 1519 1023 1563 os
1037 1518 1097 1553 the
1108 1519 1222 1564 fray.
1270 1517 1426 1563 Finally
1450 1519 1538 1562 only

209 1566 317 1600 when
335 1567 376 1600 z'n
393 1566 545 1612 despair
561 1566 621 1601 tlze
639 1566 787 1601 weaker
801 1565 881 1600 had
894 1577 1061 1600 recourse
1077 1569 1115 1600 to
1131 1565 1218 1600 such
1237 1565 1355 1600 allies.

263 1653 525 1702 Temptarunt
555 1651 672 1690 etiam
702 1658 833 1690 tauros
864 1652 902 1688 in
934 1663 1118 1690 moenere
1148 1650 1239 1689 belli

209 1716 435 1766 expertique
465 1729 554 1755 sues
583 1729 720 1755 saevos
750 1722 840 1753 sunt
870 1715 1023 1754 mittere
1053 1716 1091 1753 in
1122 1715 1257 1754 hostis.

209 1788 246 1819 et
276 1781 426 1820 validos
456 1781 596 1831 partim
627 1794 718 1831 prae
748 1793 789 1818 se
820 1780 958 1819 misere
990 1781 1124 1819 leones
1454 1795 1537 1825 1310

209 1859 299 1884 cum
330 1846 559 1885 doctoribus
587 1847 746 1885 armatis
776 1845 980 1895 saevisque
1010 1845 1201 1896 magistris

209 1911 277 1961 qui
308 1911 544 1950 moderarier
572 1911 632 1949 his
662 1918 823 1961 possent
852 1911 1070 1960 vinclisque
1099 1918 1243 1958 tenere,

209 1976 462 2026 nequiquam,
494 1976 682 2026 quoniam
712 1975 903 2026 permixta
930 1976 1052 2014 caede
1082 1977 1253 2014 calentes

209 2040 419 2079 turbabant
449 2040 553 2079 saevi
583 2042 691 2079 nullo
720 2040 946 2079 discrimine
975 2048 1133 2088 turmas,

209 2107 393 2144 terrificas
423 2105 596 2156 capitum
627 2105 847 2156 quatientes
877 2105 1054 2155 undique
1083 2106 1228 2153 cristas,
1454 2120 1509 2151 131
1520 2122 1536 2153 5

210 2184 282 2210 nec
312 2178 491 2221 poterant
520 2170 671 2220 equites
700 2170 855 2210 fremitu
884 2170 1084 2221 perterrita
1112 2183 1303 2220 equorum

210 2244 367 2288 pectora
397 2238 568 2275 mulcere
598 2243 636 2275 et
665 2236 782 2275 frenis
811 2244 1037 2275 convertere
1067 2236 1106 2274 in
1136 2235 1270 2274 hostis.

210 2302 354 2340 irritata
383 2303 466 2340 leae
495 2301 690 2340 iaciebant
719 2315 883 2352 corpora
911 2303 1010 2340 saltu

211 2368 387 2417 undique
416 2374 453 2405 et
482 2367 689 2405 adversum
720 2365 969 2405 venientibus
998 2379 1064 2404 ora
1094 2366 1280 2415 petebant

211 2440 248 2470 et
279 2445 351 2470 nec
381 2431 578 2482 opinantis
607 2444 629 2470 a
658 2438 766 2480 tergo
795 2430 1041 2481 deripiebant
1452 2446 1536 2477 1320

849 2498 895 2533 26
