1747 2796
213 127 260 166 T.
294 126 539 166 LVCRETI
571 126 707 167 CARI

213 227 299 268 viva
328 228 466 268 videns
496 228 585 269 vivo
613 229 767 280 sepeliri
796 229 943 270 viscera
973 231 1102 270 busto.

213 300 251 333 et
280 306 381 345 quos
410 294 596 344 effugium
626 302 794 334 servarat
822 308 987 346 corpore
1014 297 1147 345 adeso,

212 360 406 410 posterius
434 360 618 398 tremulas
648 373 764 410 super
793 361 923 400 ulcera
951 368 1073 401 taetra
1101 369 1280 402 tenentes
1475 377 1540 410 995

212 425 362 475 palmas
392 425 586 463 horriferis
615 425 797 464 accibant
827 426 990 465 vocibus
1020 426 1180 475 Orcum,

211 490 342 529 donec
371 502 438 529 eos
468 490 546 528 vita
575 489 771 540 privarant
800 490 975 529 vermina
1004 504 1120 530 saeva

212 554 378 605 expertis
407 554 505 605 opis,
538 555 692 605 ignaros
721 555 818 606 quid
848 557 1007 595 vulnera
1036 557 1191 596 vellent.

210 627 249 658 at
280 632 360 659 non
390 621 513 658 multa
543 619 668 658 virum
698 620 772 659 sub
802 620 920 671 signis
951 622 1056 659 milia
1085 622 1204 660 ducta

212 697 289 723 una
319 684 402 723 dies
433 685 553 724 dabat
582 684 700 724 exitio
730 698 803 724 nec
833 685 990 725 turbida
1019 687 1130 736 ponti
1457 702 1542 725 1000

209 762 381 800 aequora
409 749 585 788 lidebant
615 749 724 789 navis
752 751 803 790 ad
833 764 923 790 saxa
952 751 1144 802 virosque.

210 813 274 853 hic
303 821 450 853 temere
479 813 677 853 incassum
706 815 844 853 frustra
873 827 979 854 mare
1008 828 1125 865 saepe
1153 821 1332 854 coortum

211 878 385 918 saevibat
413 878 627 929 leviterque
656 880 781 918 minas
810 879 985 930 ponebat
1013 879 1152 927 inanis,

211 956 284 983 nec
313 951 465 994 poterat
495 956 736 995 quemquam
766 944 910 995 placidi
939 944 1103 995 pellacia
1132 944 1243 995 ponti

210 1010 379 1048 subdola
407 1009 588 1059 pellicere
618 1009 657 1047 in
687 1010 865 1049 fraudem
895 1009 1114 1049 ridentibus
1143 1009 1272 1057 undis,
1456 1026 1539 1058 1005

210 1074 390 1124 improba
418 1074 580 1125 navigiis
610 1076 708 1114 ratio
737 1087 828 1113 cum
858 1088 975 1114 caeca
1003 1075 1167 1114 iacebat.

210 1147 295 1178 tum
324 1140 487 1189 penuria
516 1140 662 1179 deinde
691 1139 769 1178 cibi
799 1141 1024 1190 languentia
1053 1141 1132 1179 leto

211 1204 389 1243 membra
417 1205 547 1251 dabat,
579 1211 716 1243 contra
746 1217 851 1243 nunc
880 1218 1009 1244 rerum
1038 1204 1153 1255 copia
1183 1211 1335 1244 mersat.

208 1268 262 1306 illi
292 1269 561 1320 imprudentes
590 1270 663 1320 ipsi
692 1269 765 1308 sibi
796 1282 912 1320 saepe
941 1282 1138 1309 venenum

209 1333 432 1384 vergebant,
464 1347 570 1373 nunc
601 1335 696 1374 dant
729 1335 866 1385 (aliis)
899 1335 1091 1374 sollertius
1122 1334 1206 1385 ipsi.
1457 1350 1542 1374 1010

256 1438 287 1473 S
288 1448 354 1472 oon
363 1438 555 1483 followed
574 1437 634 1473 tlte
657 1438 876 1484 begy'nnings
897 1439 940 1484 of
952 1439 1185 1473 civilization
1208 1439 1290 1473 and
1295 1437 1444 1484 family
1462 1439 1541 1484 lzfe,

210 1484 344 1528 whiclz,
366 1485 523 1530 coupled
542 1484 635 1519 witlz
659 1486 720 1520 the
740 1485 932 1530 discovemt
954 1485 1094 1531 offire‚
1112 1484 1324 1530 gradually
1340 1486 1545 1520 enervated

208 1531 317 1566 them.
353 1532 453 1566 Love
466 1532 580 1577 began
594 1535 630 1566 to
634 1532 728 1577 play
744 1533 795 1567 its
801 1535 906 1577 part,
909 1532 1004 1577 first
1014 1532 1170 1567 between
1185 1543 1272 1567 man
1287 1531 1368 1566 and
1375 1543 1537 1574 woman,

208 1577 295 1612 tlzen
323 1578 479 1613 between
500 1582 660 1624 parents
689 1579 771 1614 and
795 1578 974 1621 children,
998 1579 1190 1624 presently
1220 1579 1375 1613 between
1410 1579 1538 1625 neigh-

209 1624 329 1669 bom‘s,
334 1625 478 1671 finally
494 1636 633 1671 among
643 1627 804 1661 nations.

147 1750 174 1777 Ι,
207 1713 209 1715 ’
265 1722 367 1761 Inde
395 1734 504 1761 casas
535 1730 745 1773 postquam
775 1734 821 1761 ac
850 1722 961 1771 pellis
992 1722 1203 1772 ignemque
1232 1729 1426 1772 pararunt,

209 1793 246 1826 et
276 1786 415 1825 mulier
443 1786 656 1825 coniuncta
686 1785 767 1825 viro
798 1786 992 1825 concessit
1022 1784 1061 1823 in
1092 1797 1214 1824 unum

208 1852 425 1901 hospitium,
456 1864 501 1890 ac
527 1851 611 1890 lecti
635 1851 789 1890 socialia
819 1851 909 1889 iura
939 1850 1082 1888 duobus

208 1915 365 1966 cognita
394 1923 496 1963 sunt,
527 1917 759 1966 prolemque
788 1928 834 1954 ex
863 1927 904 1954 se
933 1914 1066 1954 videre
1095 1921 1276 1963 creatam,

207 1988 291 2020 tum
321 1993 444 2031 genus
474 1982 691 2020 humanum
722 1981 890 2031 primum
923 1980 1151 2018 mollescere
1179 1981 1320 2030 coepit.

208 2045 307 2096 ignis
337 2045 442 2084 enim
471 2044 619 2084 curavit
649 2053 690 2084 ut
719 2045 813 2084 alsia
843 2057 1007 2095 corpora
1036 2043 1154 2094 frigus
1455 2060 1538 2094 1015

208 2123 289 2150 non
318 2112 371 2149 ita
400 2111 477 2150 iarn
506 2117 667 2160 possent
696 2111 794 2150 caeli
823 2110 896 2149 sub
926 2110 1098 2160 tegmine
1127 2110 1235 2157 ferre,

207 2183 245 2214 et
274 2177 410 2214 Venus
440 2174 638 2214 imminuit
666 2174 755 2213 viris
785 2173 974 2225 puerique
1003 2181 1208 2225 parentum

208 2238 407 2279 blanditiis
437 2239 549 2278 facile
579 2238 781 2289 ingenium
811 2240 957 2290 fregere
987 2238 1212 2289 superbum.

206 2312 300 2344 tunc
329 2311 368 2343 et
395 2303 608 2343 amicitiem
637 2310 852 2354 coeperunt
881 2303 1040 2354 iungere
1068 2310 1228 2343 aventes

207 2368 363 2407 finitimi
393 2368 493 2408 inter
521 2382 563 2408 se
592 2381 666 2408 nec
694 2369 849 2408 laedere
879 2380 952 2407 nec
981 2366 1126 2415 violari,
1454 2383 1538 2406 1020

207 2441 245 2473 et
274 2446 415 2484 pueros
445 2435 774 2474 commendarunt
802 2432 1074 2483 muliebreque
1103 2433 1288 2478 saeclum,

851 2500 896 2536 16
