1747 2796
413 390 524 438 DE
588 389 897 438 RERVM
963 390 1337 438 NATVRA

729 499 1028 548 LIBERV

256 632 392 675 Eartlz,
410 632 470 667 tlte
488 631 632 667 mother
647 633 690 678 of
702 633 768 676 all,
780 633 975 678 produced
976 634 1072 678 first
1087 634 1254 680 herbage‚
1272 633 1359 668 tlzen
1376 635 1540 668 animate

208 680 343 725 beings,
362 681 474 723 birds,
489 680 581 722 ew„
597 680 711 725 lastly
723 680 916 715 mankind.
968 681 1042 715 Slze
1059 681 1138 715 also
1150 693 1251 727 gave
1267 682 1365 715 them
1384 681 1545 715 natural

197 727 304 773 food,
335 738 377 761 as
405 739 429 761 a
458 727 602 762 mother
625 727 709 762 does
738 731 774 761 lo
804 727 872 761 lter
898 727 1009 763 child.
1069 729 1117 762 In
1146 728 1206 762 tlte
1234 728 1338 773 early
1363 728 1455 772 days
1481 728 1542 762 tlte

207 785 354 808 seasons
370 785 467 808 were
483 776 692 820 temperate.

264 855 486 892 PRINCIPIO
515 867 639 904 genus
669 854 878 892 herbarum
908 852 1153 904 viridemque
1182 854 1350 893 nitorem

209 925 308 956 terra
336 918 447 957 dedit
476 918 623 957 circum
654 917 764 957 collis
794 931 1036 968 camposque
1066 932 1135 969 per
1163 919 1303 965 omnis,

208 982 346 1022 florida
375 984 565 1022 fulserunt
595 982 776 1022 viridanti
806 990 915 1033 prata
943 984 1085 1031 colore,
1478 991 1539 1032 785

207 1048 492 1099 arboribusque
521 1049 696 1087 datumst
725 1047 837 1086 variis
867 1047 1009 1087 exinde
1038 1061 1106 1098 per
1134 1062 1246 1087 auras

208 1113 410 1152 crescendi
442 1126 628 1163 magnum
659 1112 842 1151 immissis
872 1120 1070 1152 certamen
1101 1113 1276 1153 habenis.

209 1185 251 1216 ut
280 1179 414 1229 pluma
442 1185 561 1228 atque
590 1178 657 1229 pili
686 1177 855 1228 primum
886 1186 1095 1228 saetaeque
1124 1186 1304 1217 creantur

210 1243 512 1294 quadrupedum
544 1242 730 1282 membris
760 1250 798 1281 et
828 1255 991 1293 corpore
1021 1243 1362 1294 pennipotentum,

210 1307 264 1346 sic
293 1321 396 1346 nova
424 1315 507 1346 tum
537 1309 651 1346 tellus
681 1307 821 1346 herbas
851 1307 1094 1358 virgultaque
1123 1308 1292 1358 primum
1479 1323 1540 1356 790

209 1372 374 1420 sustulit,
407 1373 499 1412 inde
529 1372 605 1411 loci
636 1372 814 1411 mortalia
844 1374 972 1411 saecla
1001 1373 1145 1412 creavit

209 1439 331 1476 multa
362 1437 490 1477 modis
524 1437 654 1476 multis
684 1437 789 1476 varia
818 1437 968 1476 ratione
997 1446 1142 1476 coorta.

208 1515 299 1540 nam
330 1516 460 1553 neque
489 1503 539 1542 de
570 1504 680 1541 caelo
710 1501 900 1541 cecidisse
930 1502 1115 1541 animalia
1145 1511 1310 1553 possunt

208 1581 281 1606 nec
310 1567 504 1607 terrestria
532 1569 583 1607 de
612 1567 722 1606 salsis
752 1567 876 1607 exisse
906 1568 1067 1606 lacunis.

207 1632 396 1684 linquitur
424 1640 467 1672 ut
495 1632 634 1672 merito
664 1640 884 1672 maternum
916 1646 1061 1672 nomen
1091 1634 1235 1684 adepta
1477 1648 1538 1682 795

207 1705 307 1737 terra
336 1697 394 1745 sit,
427 1712 448 1737 e
477 1705 576 1737 terra
605 1697 794 1748 quoniam
824 1705 914 1737 sunt
944 1705 1087 1737 cuncta
1115 1706 1253 1737 creata.

209 1765 410 1814 multaque
439 1777 545 1802 nunc
574 1763 692 1802 etiam
722 1763 913 1802 exsistunt
942 1763 1127 1802 animalia
1155 1763 1263 1802 terris

207 1827 400 1867 imbribus
429 1836 468 1867 et
497 1828 626 1867 calido
656 1815 748 1867 solis
778 1836 963 1867 concreta
991 1842 1163 1879 vapore3

208 1906 288 1943 quo
317 1893 448 1932 minus
477 1901 535 1932 est
565 1893 707 1932 mirum
737 1893 769 1932 si
798 1901 882 1932 tum
912 1901 1003 1932 sunt
1032 1895 1142 1944 plura
1171 1900 1306 1933 coorta

207 1965 246 1997 et
275 1958 432 2006 maiora,
464 1971 567 1997 nova
596 1959 733 1997 tellure
762 1965 880 2008 atque
909 1959 1066 1998 aethere
1094 1960 1240 1998 adulta.
1475 1967 1540 1997 800

207 2023 399 2074 principio
428 2037 551 2074 genus
579 2023 744 2062 alituum
775 2023 982 2073 variaeque
1011 2025 1189 2062 volucres

207 2101 281 2127 ova
309 2088 585 2139 relinquebant
615 2089 794 2127 exclusae
824 2095 1002 2138 tempore
1030 2101 1163 2136 verno,

207 2153 401 2193 folliculos
430 2161 473 2192 ut
501 2167 608 2192 nunc
637 2161 778 2192 teretes
807 2161 955 2192 aestate
984 2153 1144 2193 cicadae

208 2217 391 2269 linquunt
420 2226 562 2270 sponte
590 2232 660 2258 sua
689 2218 836 2257 victum
866 2217 1067 2269 vitamque
1094 2225 1285 2269 petentes,

207 2290 291 2322 tum
321 2283 393 2322 tibi
421 2291 521 2323 terra
549 2284 660 2324 dedit
688 2283 859 2334 primum
890 2283 1069 2322 mortalia
1097 2285 1235 2323 saecla.
1475 2291 1536 2331 805

208 2349 354 2387 multus
385 2348 490 2387 enim
520 2350 625 2387 calor
653 2357 772 2400 atque
801 2362 915 2387 umor
944 2349 1154 2400 superabat
1182 2348 1221 2387 in
1250 2348 1361 2387 arvis.

209 2414 285 2452 hoc
314 2413 382 2452 ubi
411 2426 592 2464 quaeque
621 2414 698 2454 loci
727 2413 833 2465 regio
862 2421 1085 2465 opportuna
1114 2414 1291 2461 dabatur,

208 2478 438 2517 crescebant
466 2478 564 2518 uteri
596 2486 734 2518 terram
765 2478 962 2518 radicibus
991 2478 1072 2529 apti
1087 2493 1096 2525 3

863 2558 884 2593 9
