1747 2796
901 125 975 162 DE
1007 125 1208 163 RERVM
1239 125 1472 162 NATVRA
1503 125 1538 161 V

211 227 478 278 deplexaeque
506 227 655 266 dabant
684 226 724 265 in
755 233 895 266 terram
924 228 1085 266 vulnere
1114 229 1249 274 victos,

211 292 405 330 morsibus
433 292 586 331 adfixae
614 291 753 331 validis
781 300 901 343 atque
930 292 1128 342 unguibus
1157 293 1280 331 uncis.

210 355 487 407 iactabantque
516 369 608 395 suos
638 356 737 395 tauri
766 357 1016 408 pedibusque
1045 356 1225 397 terebant

209 428 248 459 et
273 422 392 460 latera
421 435 467 460 ac
496 421 640 460 ventris
670 421 879 461 hauribant
908 423 1042 461 subter
1071 435 1263 472 equorum

209 486 394 525 cornibus
424 494 462 526 et
491 494 632 525 terram
662 487 859 526 minitanti
889 489 1015 526 fronte
1043 488 1220 526 ruebant.
1457 500 1538 533 1325

210 559 247 589 et
277 551 414 590 validis
444 553 572 591 socios
602 552 822 592 caedebant
852 553 1038 591 dentibus
1067 553 1149 602 apri

209 618 285 655 tela
316 617 478 656 infracta
507 630 579 657 suo
608 617 803 668 tingentes
833 619 1022 669 sanguine
1052 617 1166 665 saevi,

209 683 498 734 permixtasque
527 683 676 722 dabant
705 683 882 734 equiturn
912 683 1172 734 peditumque
1202 683 1342 722 ruinas.
1457 698 1538 731 1329

209 761 301 786 narn
331 755 547 787 transversa
576 749 678 787 feros
708 749 867 788 exibant
896 748 1026 787 dentis
1055 749 1218 787 adactus
1455 763 1540 795 ¹330

208 813 383 852 iumenta
412 821 478 852 aut
507 813 676 864 pedibus
706 821 844 853 ventos
873 821 1002 852 erecta
1031 813 1230 863 petebant,

208 879 461 928 nequiquam,
493 879 681 929 quoniam
711 879 761 918 ab
792 879 918 918 nervis
949 878 1101 917 succisa
1129 879 1281 918 videres

208 944 417 982 concidere
446 951 565 994 atque
594 943 699 994 gravi
729 952 869 982 terram
900 951 1150 983 consternere
1180 957 1285 982 casu.

208 1009 341 1058 siquos
370 1016 461 1047 ante
491 1008 600 1048 domi
631 1009 803 1047 domitos
834 1008 925 1047 satis
956 1022 1041 1047 esse
1071 1009 1274 1059 putabant,

207 1074 459 1113 effervescere
487 1074 702 1114 cernebant
732 1074 771 1112 in
801 1075 917 1113 rebus
946 1074 1108 1124 agendis
1456 1089 1538 1121 1335

207 1138 433 1178 vulneribus
463 1141 634 1178 clamore
664 1141 754 1190 fuga
783 1147 928 1178 terrore
958 1140 1139 1187 tumultu,

208 1217 280 1242 nec
310 1212 490 1254 poterant
521 1206 638 1244 ullam
669 1213 819 1256 partem
850 1205 1037 1244 reducere
1067 1217 1203 1243 eorum
1220 1219 1228 1251 ;

207 1269 437 1320 diffugiebat
466 1270 570 1308 enim
601 1269 750 1308 varium
780 1283 903 1320 genus
933 1283 1052 1309 omne
1082 1271 1276 1317 ferarum3

207 1342 249 1373 ut
279 1348 385 1374 nunc
415 1348 531 1385 saepe
561 1335 682 1373 boves
712 1336 823 1374 lucae
853 1336 952 1374 ferro
982 1335 1083 1373 male
1115 1342 1267 1373 mactae

207 1399 426 1450 diffugiunt,
459 1401 539 1438 fera
568 1401 645 1438 fata
674 1399 753 1438 suis
783 1413 873 1438 cum
904 1400 1027 1437 multa
1056 1400 1212 1438 dedere.
1455 1415 1537 1447 ¹340

207 1466 276 1503 sed
305 1466 432 1504 facere
462 1466 502 1504 id
532 1478 612 1503 non
642 1472 721 1503 tam
751 1464 935 1504 vincendi
965 1477 1034 1514 spe
1063 1466 1281 1511 voluerunt,
1456 1478 1536 1513 1347

206 1542 325 1580 quarn
355 1531 448 1569 dare
477 1530 586 1580 quod
614 1536 816 1580 gemerent
846 1530 990 1577 hostes,
1022 1529 1176 1579 ipsique
1205 1529 1341 1580 perire,

206 1595 273 1645 qui
303 1608 468 1634 numero
497 1595 730 1634 diffidebant
759 1595 956 1645 armisque
986 1595 1188 1633 vacabant.

259 1694 334 1728 The
365 1695 560 1728 invention
594 1694 637 1739 ‘ff
660 1695 840 1739 weavlng
849 1693 1041 1739 followed
1063 1693 1123 1727 tlte
1151 1694 1342 1739 discovery
1374 1694 1419 1739 of
1440 1695 1536 1738 imn,

205 1741 327 1776 which
345 1752 426 1775 was
444 1741 535 1775 used
535 1742 611 1788 for
626 1741 786 1785 making
799 1740 859 1774 the
877 1751 1066 1785 necessary
1076 1742 1332 1776 instrumenls.
1381 1742 1417 1775 A
1422 1746 1439 1775 l
1443 1742 1539 1787 first

207 1799 289 1823 men
306 1788 376 1822 did
389 1788 449 1823 tlte
465 1789 651 1833 weaving‚
670 1787 733 1822 till
749 1788 808 1822 the
824 1788 928 1833 scoffi·
945 1788 987 1833 (ff
999 1787 1238 1832 illefarmers
1254 1788 1368 1822 drove
1384 1787 1481 1823 them
1500 1793 1536 1823 lo

206 1836 331 1881 resign
349 1836 437 1870 such
456 1835 560 1870 work
577 1839 613 1869 lo
630 1846 783 1869 women.

262 1922 411 1961 Nexilis
440 1930 530 1961 ante
559 1923 631 1960 fuit
660 1922 777 1960 vestis
807 1934 926 1971 quam
956 1921 1088 1960 textile
1117 1928 1287 1971 tegmen.
1452 1938 1536 1971 1350

206 1989 338 2026 textile
367 1995 456 2037 post
485 1988 676 2033 ferrumst‚
709 1986 802 2037 quia
830 1987 930 2025 ferro
960 1987 1036 2024 tela
1065 1993 1232 2036 paratur,

207 2066 279 2092 nec
309 2054 459 2092 ratione
487 2052 562 2091 alia
591 2060 756 2103 possunt
786 2059 865 2090 tam
895 2052 996 2090 levia
1023 2051 1128 2102 gigni

206 2117 333 2156 insilia
360 2131 406 2157 ac
436 2118 510 2157 susi
539 2119 636 2157 radii
667 2117 853 2167 scapique
883 2124 1080 2156 sonantes.

206 2191 244 2222 et
273 2185 400 2222 facere
428 2190 519 2222 ante
549 2183 650 2222 viros
680 2185 810 2221 lanam
841 2190 978 2221 natura
1007 2181 1135 2231 coegit

206 2262 325 2300 quam
356 2249 546 2288 muliebre
575 2261 698 2299 genus
714 2263 724 2297 3
763 2261 853 2286 nam
884 2249 1000 2298 longe
1029 2254 1198 2298 praestat
1229 2248 1267 2286 in
1297 2255 1379 2287 arte
1453 2264 1535 2298 1355

206 2321 244 2353 et
274 2313 467 2353 sollertius
496 2321 554 2353 est
584 2315 709 2352 multo
737 2326 861 2363 genus
891 2326 1010 2352 omne
1039 2311 1170 2359 virile3

205 2378 397 2429 agricolae
426 2380 555 2418 donec
584 2379 679 2417 vitio
708 2386 856 2417 vertere
885 2377 1019 2425 severi,

208 2451 248 2482 ut
279 2443 534 2483 muliebribus
564 2445 604 2484 id
635 2443 816 2483 manibus
847 2444 1066 2482 concedere
1095 2442 1238 2480 vellent

844 2520 888 2557 27
