1747 2796
888 157 963 194 DE
995 157 1195 194 RERVM
1227 156 1460 194 NATVRA
1490 158 1525 193 V

198 272 289 309 ergo
319 258 350 297 si
380 257 473 297 varii
503 270 640 296 sensus
669 257 855 296 animalia
883 265 1041 309 cogunt,

199 331 308 363 muta
337 330 469 362 tamen
498 336 590 361 cum
620 321 710 371 sint,
740 322 862 361 varias
892 322 1070 362 emittere
1099 335 1230 370 voces,

198 395 348 439 quanto
378 387 552 427 mortalis
582 387 705 438 magis
734 395 944 439 aequumst
975 395 1057 426 tum
1088 387 1263 438 potuisse

197 452 397 493 dissimilis
426 452 501 492 alia
529 460 649 503 atque
677 452 753 491 alia
781 467 840 492 res
870 466 967 492 voce
997 456 1156 492 notare!
1446 468 1529 500 1090

245 546 468 592 nglctning‚
494 557 539 580 or
559 545 725 590 possibly
749 545 809 580 tlte
823 545 989 590 frz'ctz'on
1015 546 1061 590 of
1086 545 1262 580 brancl‘zes
1286 546 1328 579 in
1353 544 1413 580 tlte
1435 546 1530 590 first

197 595 373 636 instance,
393 605 495 639 gave
521 604 565 627 or
589 593 787 638 suggested
807 596 845 627 to
870 603 952 626 men
978 592 1038 626 tlte
1068 604 1131 627 use
1156 592 1298 637 offire.
1357 593 1392 626 T
1386 593 1431 626 lte
1456 604 1527 626 sun

196 640 307 685 z‘tself
313 641 355 685 by
372 641 422 674 its
439 641 618 686 rzpening
631 641 751 674 action
769 651 814 674 on
819 640 932 686 fruit
948 640 1028 674 and
1041 651 1128 674 corn
1142 640 1274 675 would
1286 639 1374 674 lead
1386 650 1469 674 men
1487 640 1530 684 by

197 688 359 734 analogy
374 692 412 722 to
427 687 515 722 cook
531 687 631 722 their
633 687 742 732 food.

254 774 359 812 Illud
389 772 428 811 in
458 773 517 812 his
548 773 664 812 rebus
694 772 834 811 tacitus
865 785 914 811 ne
944 773 1042 812 forte
1072 772 1259 823 requiras,

198 839 347 877 fulmen
377 838 518 877 detulit
548 837 587 876 in
617 845 756 876 terram
789 837 1018 877 mortalibus
1049 837 1179 888 ignem

198 902 387 953 primitus,
419 902 512 942 inde
542 902 672 941 omnis
701 903 947 942 flammarum
978 902 1126 942 diditur
1154 903 1280 942 ardor.

199 970 322 1007 multa
350 968 530 1007 videmus
560 967 666 1007 enim
696 968 931 1008 caelestibus
961 968 1071 1007 inlita
1100 968 1269 1007 flammis

198 1035 355 1084 fulgere,
387 1047 479 1073 cum
509 1033 606 1072 caeli
636 1033 798 1072 donavit
827 1035 941 1084 plaga
970 1047 1123 1084 vapore.
1447 1049 1530 1083 ¹095

197 1106 236 1138 et
265 1112 419 1137 ramosa
449 1106 581 1138 tamen
612 1112 703 1137 cum
734 1098 859 1137 ventis
889 1100 1001 1149 pulsa
1030 1098 1216 1138 vacillans

197 1171 350 1203 aestuat
379 1163 418 1202 in
449 1177 578 1202 ramos
609 1163 843 1203 incumbens
872 1163 1020 1203 arboris
1050 1165 1177 1212 arbor,

199 1228 426 1280 exprimitur
454 1228 593 1268 validis
623 1228 783 1268 extritus
813 1228 958 1268 viribus
989 1229 1086 1280 ignis

198 1302 237 1333 et
266 1294 384 1333 micat
414 1293 611 1333 interdum
641 1294 813 1332 flammai
842 1294 1014 1333 fervidus
1042 1295 1169 1342 ardor,

199 1366 336 1398 mutua
365 1360 461 1398 dum
493 1359 592 1398 inter
621 1373 662 1398 se
692 1359 788 1398 rami
818 1359 1036 1410 stirpesque
1066 1367 1253 1399 teruntur.
1448 1375 1530 1398 1100

201 1438 371 1475 quorum
403 1432 613 1475 utrumque
643 1425 801 1464 dedisse
830 1433 961 1476 potest
991 1425 1220 1465 mortalibus
1251 1425 1392 1476 ignem.

198 1487 291 1526 inde
321 1487 453 1526 cibum
485 1500 656 1538 coquere
684 1500 731 1526 ac
761 1488 943 1527 flammae
973 1488 1124 1527 mollire
1153 1501 1296 1539 vapore

198 1554 257 1591 sol
286 1552 436 1600 docuit,
464 1552 653 1603 quoniam
685 1552 889 1592 mitescere
919 1554 1043 1592 multa
1072 1552 1260 1592 videbant

200 1617 427 1657 verberibus
456 1617 654 1657 radiorum
684 1625 803 1668 atque
832 1625 942 1657 aestu
973 1617 1075 1657 victa
1104 1631 1173 1669 per
1200 1632 1323 1669 agros.
1492 1664 1542 1691 s

247 1717 338 1750 Men
373 1716 465 1750 with
496 1716 667 1762 orzginal
689 1716 791 1750 ideas
811 1716 1021 1761 gradually
1050 1717 1178 1751 raised
1204 1716 1391 1752 mankind
1410 1721 1446 1751 to
1471 1716 1532 1751 tlte

199 1763 334 1809 lzzjglzer
347 1763 583 1798 civilizatz'on
608 1763 656 1808 of
671 1763 859 1797 combined
878 1764 944 1808 ltfi
964 1763 1044 1797 and
1058 1766 1249 1808 property.
1299 1763 1358 1798 At
1360 1764 1456 1809 first
1471 1763 1531 1798 tlte

198 1811 310 1845 merit
338 1810 386 1855 of
402 1811 543 1852 beauty,
567 1811 747 1855 strength,
774 1810 854 1844 and
879 1811 1042 1845 intellect
1064 1811 1144 1844 lzad
1162 1815 1276 1855 great
1299 1811 1448 1856 wezgrltt,
1467 1811 1533 1844 but

200 1857 402 1902 cradually
414 1857 474 1892 tlte
479 1860 612 1902 power
622 1858 666 1902 of
673 1856 810 1891 wealtlz
822 1857 961 1892 became
965 1858 1242 1902 pre-eminent,·
1259 1858 1319 1892 tlte
1324 1858 1477 1904 growtlz
1493 1858 1536 1903 (ff

199 1905 377 1939 ambitz'on
403 1915 483 1939 was
508 1905 606 1950 often
634 1905 793 1938 rnl‘nozcs
814 1908 850 1938 to
875 1905 925 1938 its
950 1906 1110 1946 victims,
1129 1904 1214 1939 who
1225 1905 1301 1950 for
1316 1905 1416 1939 tlzez'r
1425 1905 1532 1951 folty

198 1952 279 1986 and
280 1952 399 1997 greed
413 1952 501 1986 well
514 1951 692 1986 deserved
710 1950 771 1985 tlte
790 1952 1016 1986 destruction
1033 1952 1128 1986 witlc
1154 1952 1275 1986 which
1294 1952 1530 1987 Retribntz'on

199 1998 297 2044 often
313 1999 456 2033 visited
469 1998 579 2033 them.

191 1885 214 1902 t>

254 2086 383 2136 Inque
412 2084 496 2124 dies
526 2084 648 2135 magis
678 2084 718 2122 hi
747 2084 895 2123 victum
925 2084 1124 2136 vitamque
1154 2085 1323 2136 priorem
1450 2101 1529 2133 1105

199 2158 443 2190 commutare
472 2149 583 2189 novis
613 2150 886 2189 monstrabant
915 2150 1025 2189 rebu’
1054 2150 1225 2202 benigni,

199 2214 358 2267 ingenio
387 2215 455 2266 qui
483 2215 734 2267 praestabant
763 2223 802 2254 et
831 2216 950 2255 corde
979 2215 1176 2266 vigebant.

200 2282 373 2321 condere
402 2288 617 2332 coeperunt
647 2280 753 2320 urbis
783 2294 994 2331 arcemque
1023 2282 1153 2320 locare

200 2346 438 2397 praesidium
468 2360 576 2397 reges
606 2346 679 2397 ipsi
709 2346 783 2385 sibi
813 2345 1124 2397 perfugiumque,

202 2419 240 2450 et
269 2424 390 2462 pecus
418 2419 538 2463 atque
565 2425 678 2462 agros
708 2411 875 2451 divisere
903 2418 1022 2462 atque
1051 2412 1198 2450 dedere
1448 2426 1531 2450 1110

201 2489 271 2527 pro
300 2476 398 2516 facie
429 2476 621 2529 cuiusque
650 2483 689 2516 et
717 2476 864 2515 viribus
893 2475 1131 2527 ingenioque
1147 2491 1156 2523 3

843 2556 888 2591 19
1359 2552 1379 2578 Β
1403 2554 1420 2578 2
