1747 2796
882 149 956 186 DE
989 149 1190 186 RERVM
1223 149 1455 187 NATVRA
1486 151 1520 186 V

191 252 251 290 vel
281 250 451 290 violenta
480 251 550 289 viri
579 251 636 290 vis
665 258 784 301 atque
814 250 992 302 impensa
1021 251 1145 291 libido

192 317 251 355 vel
282 315 460 367 pretium,
492 317 655 366 glandes
684 321 804 366 atque
832 316 971 355 arbuta
1000 317 1060 355 vel
1090 316 1171 367 pira
1202 317 1312 356 lecta.
1453 323 1519 366 965

189 389 228 420 et
258 394 446 420 manuum
477 380 574 419 mira
603 380 688 419 freti
718 380 858 419 virtute
887 382 1115 432 pedumque

189 445 520 485 consectabantur
549 445 737 484 silvestria
766 447 894 485 saecla
922 447 1089 485 ferarum

190 510 401 550 missilibus
431 510 531 549 saxis
560 517 599 550 et
629 523 772 560 magno
802 512 978 561 pondere
1007 513 1140 550 clavae
1163 526 1171 559 3

189 577 391 626 multaque
419 575 642 623 vincebant,
675 575 850 614 vitabant
880 589 1006 627 pauca
1035 576 1220 625 latebris;

189 641 465 692 saetigerisque
495 654 606 691 pares
636 641 757 679 subus
788 640 976 680 silvestria
1006 642 1183 680 membra
1455 657 1521 691 970

188 707 296 745 nuda
324 706 473 745 dabant
501 712 624 745 terrae
653 713 848 745 nocturno
877 713 1054 757 tempore
1084 707 1200 757 capti,

188 772 335 810 circum
365 784 406 809 se
434 771 536 810 foliis
565 784 611 809 ac
640 771 846 809 frondibus
875 771 1130 810 involventes.

188 849 262 874 nec
290 837 477 886 plangore
507 835 613 874 diem
643 848 787 885 magno
817 836 1021 886 solemque
1050 850 1119 886 per
1147 849 1259 887 agros

188 901 430 951 quaerebant
459 900 591 951 pavidi
620 902 796 951 palantes
827 902 953 940 noctis
983 901 1022 939 in
1053 902 1212 949 umbris,

188 968 258 1005 sed
287 966 394 1005 taciti
424 967 698 1017 respectabant
728 980 949 1017 somnoque
979 968 1133 1017 sepulti,
1455 983 1518 1015 975

188 1033 285 1071 dum
314 1045 425 1070 rosea
454 1033 538 1070 face
567 1033 625 1070 sol
655 1031 812 1071 inferret
841 1032 991 1070 lumina
1019 1033 1140 1071 caelo.

187 1110 210 1136 a
239 1098 365 1147 parvis
395 1099 503 1148 quod
534 1097 639 1136 enim
669 1105 906 1136 consuerant
935 1110 1094 1136 cernere
1123 1110 1277 1147 semper

187 1163 337 1201 alterno
366 1162 547 1201 tenebras
577 1170 615 1201 et
644 1163 772 1200 lucem
804 1170 981 1212 tempore
1009 1164 1125 1212 gigni,

188 1240 269 1265 non
299 1234 379 1266 erat
408 1234 450 1266 ut
480 1226 561 1265 fieri
591 1234 752 1277 possent
782 1227 952 1266 mirarier
982 1240 1170 1277 umquam

188 1306 261 1331 nec
290 1292 467 1332 diffidere
496 1306 545 1331 ne
576 1300 694 1331 terras
723 1300 880 1331 aeterna
911 1300 1059 1331 teneret
1453 1299 1519 1340 980

188 1371 265 1396 nox
294 1357 333 1395 in
364 1365 595 1408 perpetuum
626 1359 802 1396 detracto
832 1358 980 1396 lumine
1010 1359 1113 1396 solis.

188 1426 257 1463 sed
287 1424 409 1475 magis
438 1424 534 1463 illud
565 1431 645 1462 erat
673 1437 799 1471 curae,
832 1425 940 1474 quod
970 1425 1097 1462 saecla
1127 1425 1292 1463 ferarum

187 1489 367 1528 infestam
398 1489 547 1528 miseris
578 1489 772 1527 faciebant
802 1501 919 1538 saepe
948 1488 1132 1538 quietem.

187 1554 379 1604 eiectique
408 1555 530 1592 domo
559 1553 760 1603 fugiebant
790 1566 903 1592 saxea
932 1561 1033 1593 tecta

187 1619 397 1670 spumigeri
427 1620 505 1657 suis
534 1620 706 1658 adventu
736 1618 934 1668 validique
965 1619 1088 1657 leonis
1452 1627 1515 1665 985

187 1692 305 1734 atque
334 1684 569 1733 intempesta
598 1684 793 1722 cedebant
824 1691 941 1722 nocte
971 1690 1157 1733 paventes

188 1749 409 1800 hospitibus
439 1750 563 1787 saevis
593 1749 752 1787 instrata
782 1748 925 1787 cubilia
955 1750 1105 1787 fronde.

234 1886 269 1920 A
275 1886 330 1920 nd
345 1888 413 1930 yet
436 1885 544 1919 death
574 1896 655 1919 was
683 1889 748 1918 not
776 1895 875 1918 more
890 1885 1077 1929 frequent
1100 1884 1186 1918 then
1216 1884 1307 1918 than
1333 1895 1430 1927 nore,
1444 1884 1520 1929 for

186 1932 326 1977 though
342 1943 455 1977 many
468 1943 566 1966 were
578 1931 696 1966 killed
706 1932 787 1966 and
798 1931 987 1965 devonred
996 1931 1039 1975 by
1053 1931 1149 1965 wild
1160 1932 1288 1974 beasts,
1303 1931 1384 1965 and
1396 1932 1518 1965 others

178 1979 358 2025 perz'shed
364 1980 474 2024 from
496 1978 645 2024 hunger
665 1990 710 2013 ον
717 1979 828 2024 from
852 1980 983 2023 ealing
996 1980 1198 2022 pot'sonous
1206 1979 1350 2023 sruits,
1368 1981 1434 2023 yet
1443 1979 1520 2022 sar

180 2030 335 2072 greater
349 2026 521 2060 numbers
538 2037 602 2059 are
618 2026 718 2060 slain
736 2036 821 2059 now
838 2026 878 2059 in
897 2038 919 2058 a
936 2025 1057 2070 single
1074 2025 1197 2068 battle,
1217 2037 1261 2058 ον
1272 2036 1336 2058 are
1353 2024 1521 2058 wrecked

186 2085 233 2108 on
250 2084 418 2119 voyages,
438 2073 550 2107 while
566 2084 663 2107 some
679 2076 739 2107 eat
755 2073 971 2107 themselves
987 2076 1024 2106 to
1041 2071 1150 2106 death
1169 2083 1214 2106 ον
1230 2083 1293 2106 are
1308 2072 1491 2116 possoned.

241 2204 327 2242 Nec
356 2201 479 2240 nimio
509 2210 591 2240 tum
622 2203 709 2252 plus
739 2215 859 2252 quam
889 2215 995 2240 nunc
1025 2201 1203 2240 mortalia
1232 2202 1359 2240 saecla

186 2267 317 2307 dulcia
345 2268 577 2317 linquebant
606 2268 787 2306 lamentis
815 2266 965 2306 lumina
993 2266 1105 2305 vitae.

186 2346 288 2372 unus
318 2332 422 2371 enim
453 2340 536 2372 tum
565 2334 733 2383 quisque
762 2331 884 2382 magis
913 2332 1130 2382 deprensus
1159 2344 1294 2370 eorum
1451 2347 1516 2377 990

186 2399 330 2448 pabula
359 2399 444 2437 viva
474 2397 563 2436 feris
592 2398 817 2448 praebebat,
849 2396 1035 2436 dentibus
1066 2398 1238 2442 haustus,

187 2470 224 2503 et
253 2475 414 2502 nemora
443 2475 488 2502 ac
516 2462 662 2501 montis
691 2464 838 2513 gemitu
868 2461 1062 2511 silvasque
1090 2462 1265 2512 replebat

828 2538 871 2579 15
