1747 2796
916 143 990 180 DE
1022 143 1223 180 RERVM
1255 142 1487 181 NATVRA
1518 143 1555 180 V

224 245 432 297 imperium
463 245 537 283 sibi
567 258 658 284 cum
688 258 734 284 ac
763 252 1004 284 summatum
1035 245 1204 296 quisque
1232 247 1402 296 petebat.

224 311 316 350 inde
346 311 614 361 magistratum
644 310 785 360 partim
815 312 986 350 docuere
1016 324 1146 350 creare

223 376 385 426 iuraque
414 375 666 424 constituere,
696 384 738 415 ut
766 377 911 415 vellent
940 376 1091 427 legibus
1121 379 1190 415 uti.

224 454 315 479 nam
345 453 467 491 genus
497 442 728 488 humanum,
760 442 959 480 defessum
990 441 1027 480 vi
1056 443 1185 482 colere
1214 456 1367 489 aevum,
1470 457 1551 488 1145

223 519 269 545 ex
298 505 511 544 inimicitiis
540 506 753 556 languebat
770 521 780 553 ,-
818 519 899 556 quo
929 506 1052 557 magis
1082 506 1212 558 ipsum

222 579 364 623 sponte
393 584 462 609 sua
491 572 634 610 cecidit
663 571 737 609 sub
766 573 871 622 leges
900 579 1062 622 artaque
1091 572 1185 612 iura.

221 636 348 675 acrius
377 650 423 675 ex
452 636 507 675 ira
536 637 645 686 quod
674 636 780 675 enim
811 650 852 675 se
881 637 1049 687 quisque
1078 639 1241 688 parabat

222 701 355 740 ulcisci
386 714 505 752 quam
535 714 642 740 nunc
671 709 942 740 concessumst
971 702 1123 752 legibus
1151 705 1299 754 aequis,

222 768 324 805 hanc
345 767 397 806 ob
418 780 500 805 rem
521 774 579 805 est
599 768 782 806 homines
802 775 1024 817 pertaesum
1047 768 1082 806 vi
1105 770 1234 807 colere
1253 781 1406 807 aevum.
1473 783 1555 816 1150

222 833 314 871 inde
344 838 472 870 metus
503 833 673 870 maculat
702 845 918 882 poenarum
949 832 1123 883 praemia
1152 833 1263 873 vitae.

221 896 459 936 circumretit
489 897 595 936 enim
625 897 682 936 vis
712 905 832 948 atque
862 897 1000 936 iniuria
1031 911 1230 949 quemque

220 971 349 1013 atque,
381 963 488 1002 unde
518 970 703 1010 exortast,
731 964 781 1002 ad
812 976 902 1002 eum
934 964 1166 1014 plerumque
1196 964 1361 1011 revertit,

222 1040 294 1066 nec
325 1027 473 1067 facilest
503 1027 700 1077 placidam
731 1040 776 1065 ac
806 1035 986 1077 pacatam
1018 1028 1159 1078 degere
1189 1028 1308 1067 vitam

220 1093 287 1143 qui
317 1092 436 1131 violat
466 1092 577 1131 factis
607 1092 836 1131 communia
866 1094 1025 1132 foedera
1054 1093 1172 1144 pacis.
1470 1109 1553 1143 1155

220 1157 291 1197 etsi
322 1158 418 1196 fallit
447 1157 551 1196 enim
582 1157 717 1197 divum
747 1171 870 1207 genus
900 1159 1210 1208 humanumque,

220 1230 410 1274 perpetuo
440 1230 573 1261 tamen
603 1222 643 1262 id
674 1224 756 1262 fore
786 1224 888 1261 clam
918 1223 1096 1262 diffidere
1126 1224 1274 1271 debet3

220 1288 366 1339 quippe
396 1287 464 1327 ubi
495 1301 535 1326 se
566 1287 678 1326 multi
708 1301 777 1338 per
806 1287 961 1327 somnia
991 1302 1108 1339 saepe
1137 1290 1345 1339 loquentes

218 1361 285 1392 aut
315 1353 455 1392 morbo
484 1353 695 1392 delirantes
726 1361 905 1404 protraxe
935 1355 1106 1393 ferantur

218 1427 256 1457 et
285 1420 409 1457 celata
442 1418 563 1469 (diu)
596 1418 635 1457 in
666 1418 842 1458 medium
872 1426 1034 1468 peccata
1064 1419 1231 1458 dedisse.
1471 1425 1554 1458 1160

271 1511 344 1547 lee
361 1512 582 1558 begz'nnz‘ngs
599 1512 643 1557 of
655 1512 828 1557 relzgz'on.
888 1512 1032 1547 Vz'sz‘ons
1048 1514 1129 1547 and
1137 1513 1386 1558 dreamsfirst
1394 1513 1557 1558 planted

217 1561 258 1595 in
277 1571 365 1594 man
387 1571 411 1593 a
437 1559 549 1604 belief
569 1560 610 1593 in
635 1558 696 1593 the
719 1560 898 1593 existence
923 1561 966 1605 of
979 1561 1084 1605 gods.
1134 1561 1169 1595 Α
1176 1562 1232 1595 nd
1250 1561 1311 1595 tlte
1335 1561 1553 1595 immutable

217 1609 448 1652 appearance
464 1607 507 1652 cgf
518 1605 615 1641 tlzese
631 1607 775 1641 visions
798 1607 928 1641 would
942 1609 1036 1652 give
1059 1608 1135 1642 rz'se
1159 1611 1195 1642 lo
1215 1607 1276 1642 tlte
1302 1607 1414 1654 belief
1434 1609 1474 1642 in
1492 1608 1553 1643 tlte

217 1654 463 1699 immortali&
488 1654 532 1699 qs
561 1654 699 1689 dez'tz'es.
749 1653 882 1699 Agaz’n
909 1653 970 1688 tlte
1000 1655 1290 1689 unaccountable
1323 1655 1482 1699 changes
1514 1656 1563 1700 os

217 1712 364 1736 seasons
389 1701 470 1735 and
489 1700 653 1735 celestial
672 1700 902 1745 phenomena
929 1702 1060 1736 would
1080 1702 1276 1747 naturally
1293 1702 1413 1736 result
1432 1704 1474 1736 in
1491 1702 1552 1736 tlte

216 1749 283 1794 sky
315 1748 425 1794 being
454 1748 631 1793 asszgned
651 1752 688 1782 to
717 1747 777 1782 the
799 1748 896 1793 gods
923 1759 965 1782 as
992 1748 1093 1782 their
1118 1749 1277 1794 especial
1294 1751 1477 1794 province
1509 1761 1552 1784 or

216 1795 345 1841 sphere
361 1796 404 1841 qf
416 1797 539 1830 action
557 1795 638 1829 and
651 1795 905 1840 conseqzcenlly
922 1807 965 1830 as
981 1796 1081 1830 tltez‘r
1091 1795 1205 1831 home.

272 1877 391 1915 Nunc
421 1888 523 1925 quae
552 1888 670 1914 causa
699 1876 819 1914 deum
849 1888 917 1925 per
947 1889 1107 1926 magnas
1137 1876 1301 1915 numina
1329 1876 1456 1927 gentis

217 1941 451 1992 pervulgarit
480 1949 518 1979 et
546 1954 699 1979 ararum
729 1940 985 1991 compleverit
1014 1941 1120 1980 urbis

217 2006 546 2057 suscipiendaque
575 2005 717 2044 curarit
746 2005 952 2044 sollemnia
981 2019 1100 2054 sacra,

217 2085 319 2121 quae
348 2085 454 2110 nunc
483 2071 522 2109 in
553 2072 704 2121 magnis
734 2071 875 2109 florent
905 2084 1013 2109 sacra
1043 2072 1150 2110 rebu’
1180 2071 1366 2122 locisque,

217 2138 323 2175 unde
353 2136 470 2176 etiarn
501 2149 607 2175 nunc
636 2144 694 2174 est
724 2136 954 2175 mortalibus
983 2136 1121 2175 insitus
1151 2137 1287 2175 horror
1464 2143 1547 2186 1165

217 2201 284 2251 qui
314 2201 478 2240 delubra
506 2203 626 2241 deum
657 2213 759 2239 nova
788 2208 873 2240 toto
903 2201 1064 2240 suscitat
1093 2201 1179 2240 orbi

217 2274 403 2306 terrarum
434 2274 472 2305 et
502 2266 608 2305 festis
638 2267 744 2316 cogit
774 2267 972 2305 celebrare
1002 2267 1154 2314 diebus,

218 2345 298 2370 non
328 2331 381 2370 ita
409 2331 603 2370 difficilest
633 2331 824 2370 rationem
855 2332 1019 2371 reddere
1048 2332 1186 2370 verbis.

218 2396 366 2446 quippe
394 2396 539 2435 etenim
570 2396 646 2434 iam
677 2404 760 2434 tum
791 2395 925 2434 divum
957 2397 1136 2435 mortalia
1165 2398 1292 2436 saecla

218 2460 388 2510 egregias
416 2460 550 2500 animo
579 2460 697 2500 facies
726 2461 909 2511 vigilante
938 2461 1125 2500 videbant
1465 2474 1548 2510 1170

856 2539 899 2563 21
